1747 3121
532 169 617 199 THE
648 168 864 200 GALLICAN
896 169 1018 202 MAss.
1426 163 1508 206 203

130 269 217 310 The
238 269 453 311 dismissa]
474 270 521 311 of
548 271 621 313 the
655 272 881 325 penitents‚
907 274 1046 316 which
1082 276 1120 317 is
1152 281 1227 318 nol]
1260 277 1434 319 alluded
1466 285 1510 321 to

48 340 100 393 by
134 340 193 382 Sc.
232 340 446 389 Germaffl,
480 354 565 381 was
602 341 693 381 still
727 341 773 381 in
805 356 880 383 use
916 344 1081 398 shortly
1114 345 1256 386 before
1295 346 1362 386 his
1390 347 1507 390 time.

43 410 130 451 The
171 410 349 451 Council
390 411 435 451 of
472 412 626 465 Lyons,
668 412 769 453 held
804 413 933 454 about
968 414 1041 454 the
1080 428 1182 468 year
1223 414 1317 465 517,
1360 417 1508 458 makes

42 492 212 533 express
234 480 429 521 mention
450 480 495 520 of
511 480 547 521 113
570 479 621 535 (c.
641 480 699 535 6).
750 481 990 537 According
1011 487 1054 524 130
1076 483 1172 533 this,
1195 484 1268 525 the
1289 485 1507 538 penitents

42 553 158 589 must
193 549 301 590 have
333 549 441 590 been
475 554 570 590 sent
603 563 724 604 away
745 551 979 605 ordinarily
1000 552 1142 593 before
1172 553 1245 594 the
1278 554 1436 608 Prayer
1467 555 1513 595 of

41 617 114 658 the
135 617 359 660 Faithful}

425 790 464 832 8.
496 792 729 832 Procession
760 792 808 845 of
834 792 898 832 the
932 792 1129 833 Oblation.

126 890 362 933 GERMAIN:
407 892 700 946 Spiritualiter
723 893 920 946 jubemur
960 893 1174 934 silentium
1206 895 1349 948 faeere
1381 897 1507 938 obser-

41 966 183 1003 vantes
203 962 260 1002 ad
281 962 442 1011 ostium,
464 962 512 1001 id
533 966 587 1002 est
607 966 655 1001 ut
687 966 859 1002 tacentes
890 977 917 1002 a
949 963 1135 1003 tumultu
1164 964 1375 1005 verborum
1408 1000 1415 1007 .
1447 997 1458 1008 .

36 1030 107 1071 hoc
125 1030 257 1071 solum
277 1043 344 1070 cor
363 1030 556 1070 intendat
576 1034 624 1070 ut
644 1030 692 1070 in
713 1044 751 1071 se
775 1031 986 1071 Christum
1006 1032 1217 1085 suscipiat.

122 1099 185 1138 De
219 1112 325 1139 sono.
368 1098 527 1139 Senum
567 1102 707 1139 autem
757 1100 864 1154 quod
903 1100 1072 1140 canitur
1121 1102 1288 1155 quando
1322 1104 1505 1156 procedit

39 1167 199 1216 oblatio,
250 1166 347 1207 hinc
398 1167 528 1207 traxit
578 1167 801 1208 exordium.
846 1167 1060 1221 Praecepit
1100 1168 1309 1210 Dominus
1358 1171 1504 1224 Moysi,

39 1267 48 1277 .
81 1268 90 1277 .
122 1267 132 1277 .
164 1236 288 1276 Nunc
329 1240 469 1276 autem
506 1235 788 1289 procedentem
824 1236 881 1276 ad
923 1236 1129 1277 altarium
1165 1251 1312 1290 corpus
1348 1239 1505 1280 Christi

36 1319 121 1346 non
157 1305 254 1358 jam
296 1305 403 1345 tubis
447 1305 889 1359 irreprehensibilibus,
932 1305 999 1344 sed
1043 1306 1304 1358 spiritalibus
1348 1307 1505 1348 vocibus

30 1375 256 1428 praeclara
301 1374 459 1415 Christi
504 1373 725 1426 maynalia
767 1374 879 1414 dulci
921 1373 1101 1414 modilia
1129 1375 1278 1429 psallit
1312 1376 1500 1418 Ecclesia.

37 1444 193 1497 Corpus
212 1456 301 1483 vero
321 1442 497 1483 Domini
517 1443 607 1482 ideo
628 1443 813 1497 defertur
843 1443 892 1483 in
923 1444 1108 1484 turribus
1139 1444 1239 1497 quia
1270 1476 1278 1485 .
1312 1477 1320 1485 .
1353 1477 1362 1486 .
1393 1445 1502 1486 San-

29 1512 127 1565 quis
157 1525 245 1552 vero
281 1511 437 1552 Christi
468 1511 557 1551 ideo
588 1511 817 1564 specialiter
845 1512 1013 1565 offertur
1040 1512 1089 1552 in
1124 1513 1244 1553 calice
1275 1514 1377 1569 quia
1408 1548 1416 1556 .
1449 1546 1460 1557 .
1492 1547 1501 1557 .

33 1581 163 1635 Aqua
184 1585 323 1621 autem
343 1581 433 1621 ideo
454 1581 643 1621 miscetur
662 1581 722 1620 vel
743 1581 845 1634 quia
877 1613 886 1621 .
919 1613 927 1622 .
962 1615 969 1622 .

119 1651 284 1690 Patena
317 1654 456 1690 autem
488 1654 656 1690 vocatur
690 1649 762 1690 ubi
795 1655 1047 1691 consecratur
1081 1651 1241 1701 oblatio,
1279 1653 1381 1707 quia
1408 1685 1416 1694 .
1449 1685 1458 1694 .
1491 1686 1500 1695 .

34 1720 160 1760 Palla
194 1733 290 1760 vera
323 1719 538 1759 linostima
569 1750 577 1759 .
611 1750 619 1759 .
652 1751 660 1759 .
697 1718 931 1771 Corporalis
967 1733 1056 1759 vero
1091 1719 1216 1772 palla
1258 1720 1346 1761 ideo
1381 1735 1499 1774 pura

33 1791 145 1831 linea
181 1793 236 1829 cst
267 1801 389 1841 super
425 1801 551 1840 quam
588 1787 737 1828 oblatio
772 1788 956 1840 ponitur,
991 1788 1096 1843 quia
1128 1820 1136 1828 .
1170 1820 1178 1828 .
1212 1820 1220 1829 .
1256 1789 1500 1842 Ccopcrtum

31 1869 120 1896 vero
151 1857 502 1895 sacramentorum
545 1853 633 1893 ideo
679 1857 902 1893 cccornatur
944 1854 1047 1908 quia
1078 1885 1087 1894 .
1114 1885 1124 1893 .
1158 1887 1164 1894 .
1198 1853 1329 1895 Sirico
1362 1860 1499 1897 autem

31 1926 207 1962 ornatur
228 1925 305 1960 aut
325 1934 441 1967 auro,
463 1920 522 1959 vel
538 1920 721 1973 yemmis.

118 1986 281 2028 Laudes
313 1990 462 2035 autem,
494 1986 564 2026 hoc
595 1990 650 2026 est
685 1986 885 2036 Alleluia,
921 1986 1133 2026 Johannes
1165 1986 1214 2026 in
1248 1986 1499 2042 Apocalypsi

27 2058 117 2108 post
146 2051 478 2093 resurrectionem
513 2051 681 2091 audivit
704 2051 892 2104 psallere.
954 2052 1051 2092 Ideo
1081 2051 1185 2092 hora
1214 2052 1293 2092 illa
1323 2053 1498 2095 Domini

27 2120 158 2175 pallio
192 2118 312 2172 quasi
355 2117 543 2158 Christus
584 2118 734 2170 tegitur
774 2115 909 2166 caelo,2
949 2117 1106 2158 ecelesia
1136 2117 1231 2158 solet
1265 2120 1497 2172 anyelicum

29 2186 238 2226 canticum
262 2181 482 2240 [cantare].
547 2184 660 2233 Quod
692 2188 830 2224 autem
860 2184 977 2224 habet
1007 2184 1101 2237 ipsa
1131 2183 1323 2225 Alleluia
1346 2187 1495 2239 prima

29 2258 66 2294 et
97 2252 273 2293 secunda
295 2255 331 2291 et
353 2250 486 2299 tertia,
509 2250 649 2303 siqnat
680 2251 766 2291 tria
793 2255 975 2304 tempora
1006 2255 1102 2291 ante
1133 2251 1266 2304 leyem,
1300 2254 1372 2294 sub
1405 2254 1493 2308 leye,

64 2319 100 2358 lb
146 2317 272 2357 ratia.

28 2332 61 2359 8²
116 2332 203 2423 {he
225 2395 451 2434 ceremony
473 2379 620 2434 begins
643 2381 700 2434 by
721 2395 776 2421 an
797 2381 1039 2434 injunction
1066 2385 1109 2422 to
1132 2381 1289 2423 silence
1322 2385 1404 2425 and
1438 2386 1494 2440 by

30 2451 102 2492 the
143 2450 438 2504 appointmenb
479 2449 524 2489 of
561 2462 585 2489 a
626 2449 763 2489 wanoh
803 2455 847 2489 ab
882 2450 955 2490 the
991 2450 1122 2491 doors.
1198 2451 1257 2492 St.
1292 2451 1493 2494 Germain

502 2566 510 2584 ¹
539 2566 602 2597 See
619 2566 732 2604 above,
748 2577 779 2606 p.
798 2568 869 2605 198,
886 2569 963 2598 note
983 2570 1007 2598 l.

501 2618 513 2635 ²
537 2618 568 2648 A
588 2623 722 2659 corrupt
738 2628 889 2658 passage.
