1747 3121
545 233 630 263 THE
660 234 813 266 ROMAN
849 234 1058 270 ORDINES.
1446 230 1527 272 477

65 343 160 376 ante
179 339 318 385 altare,
339 344 380 377 et
401 340 556 378 diaconi
576 342 643 390 qui
663 342 839 379 ordinati
858 347 954 380 sunt
974 346 1088 380 stant
1116 344 1166 381 ad
1196 346 1304 382 latus
1334 346 1531 395 pontificis

67 401 179 450 juxta
212 402 354 439 sedem.
425 402 480 438 Et
513 403 814 441 archidiaconus
846 405 982 442 induit
1015 406 1165 443 orarios
1199 411 1240 444 et
1272 409 1446 457 planitas
1479 409 1531 446 ad

64 464 318 514 presbiteros,
349 467 460 500 stans
489 469 584 501 ante
612 465 752 512 altare,
782 470 824 503 et
854 467 1002 504 iterum
1034 468 1145 505 ducit
1179 481 1244 506 eos
1275 474 1371 507 ante
1403 472 1530 520 ponti-

64 526 187 571 ficem,
205 529 247 562 et
266 526 468 575 accipiunt
488 527 707 563 orationem
727 529 955 577 presbiterii
970 529 998 553 (ἰ)
1017 530 1068 566 ab
1087 531 1185 580 ipso.
1244 531 1339 581 Ipsa
1358 533 1529 581 expleta,

64 588 176 625 ducit
195 600 260 625 eos
280 587 582 625 archidiaconus
611 590 826 627 osculando
853 603 924 640 per
953 591 1131 628 ordinem
1152 592 1365 642 episcopOS,
1387 594 1531 633 deinde

64 651 333 699 presbiteros3
375 654 417 687 et
450 654 562 686 stant
594 651 638 687 in
676 656 808 700 caput,
843 665 964 701 supra
1001 666 1136 690 omnes
1174 655 1428 704 presbiteros,
1461 669 1531 706 per

64 712 253 758 ordinem,
296 712 400 749 sicut
438 713 571 749 vocati
604 717 701 749 sunt
739 727 762 750 a
799 715 996 763 pontifice,
1037 716 1174 753 eodem
1221 717 1295 754 die.
1373 718 1531 758 Deinde

64 775 238 812 offerunt
253 774 433 823 pontifici
452 779 548 811 ante
568 787 702 812 omnes
717 777 959 824 presbiteros
978 781 1019 814 et
1039 780 1330 817 communicant
1349 781 1531 818 similiter

65 837 201 874 eodem
239 837 303 874 die
342 841 437 874 ante
475 850 620 876 omnes,
698 838 753 875 Et
791 840 937 888 accipit
975 842 1247 891 unusquisque
1284 855 1308 878 a
1343 844 1530 892 pontifice

63 900 222 936 firmata
241 899 379 936 oblata
399 900 448 936 de
468 899 608 945 altare,
629 899 736 937 unde
755 904 796 936 et
816 902 1079 938 communicat
1099 902 1184 939 XL.
1208 903 1355 941 diebus.

143 962 270 999 Missa
307 962 479 1011 expleta,
518 963 601 998 sint
638 963 771 1012 parati
808 964 1065 1001 mansionarii
1104 965 1152 1002 de
1188 966 1321 1003 titulis
1357 968 1530 1017 ipsorum

64 1037 154 1060 cum
192 1027 413 1061 cereostata
452 1027 494 1060 et
530 1023 855 1061 thimiamateriis
869 1039 880 1072 3
926 1029 967 1062 et
1013 1026 1235 1074 procedunt
1273 1027 1321 1064 de
1368 1030 1531 1067 ecclesia

62 1086 174 1123 beati
202 1085 316 1123 Petri
345 1085 517 1135 apostoli
529 1084 565 1108 (Π)
598 1087 870 1135 unusquisque
899 1087 944 1123 in
977 1087 1099 1124 titulo
1129 1100 1210 1133 suo,
1239 1087 1391 1126 habens
1415 1104 1531 1128 unus-

63 1149 231 1198 quisque
260 1148 541 1197 paranymfam
572 1148 837 1196 presbiterum
867 1161 1026 1196 secum3
1063 1153 1105 1186 et
1133 1153 1326 1187 stratores
1354 1152 1464 1188 missi
1507 1167 1531 1189 a

63 1210 249 1260 pontifice
280 1210 358 1247 duo
389 1214 484 1246 ante
515 1222 604 1246 eum
638 1214 779 1247 euntes
812 1214 854 1247 et
885 1214 1068 1247 tenentes
1107 1211 1258 1248 caballo
1295 1225 1383 1249 cum
1419 1214 1532 1252 freno

63 1273 156 1310 hinc
176 1276 217 1310 et
236 1273 343 1318 inde,
364 1276 405 1309 et
425 1272 600 1309 clamant
620 1285 714 1309 voce
733 1285 902 1322 magna:
937 1272 1025 1310 Tali
1042 1274 1249 1324 presbitero
1277 1274 1365 1312 talis
1384 1282 1532 1315 sanctus

65 1334 178 1384 eleqit
194 1337 210 1372 ,Ι
267 1335 322 1371 Et
338 1333 586 1383 respondunt
606 1335 865 1372 mansionarii
891 1336 1020 1384 ipsum
1045 1349 1169 1385 usque
1193 1336 1235 1373 in
1254 1337 1375 1374 titulo
1394 1338 1527 1387 ipsius.

66 1397 123 1433 Et
152 1397 267 1433 vadit
295 1400 386 1446 post
414 1409 504 1433 eum
542 1396 773 1433 sacellarius
801 1397 937 1446 ipsius,
966 1397 1150 1434 faciendo
1178 1398 1457 1446 aelimosinam,
1490 1405 1532 1438 et

65 1473 152 1498 cum
190 1460 419 1510 pervenerit
457 1459 509 1496 ad
547 1459 763 1505 ecclesiam,
802 1460 965 1508 ponitur
1004 1459 1116 1496 sedes
1162 1460 1268 1496 latus
1313 1461 1453 1508 altare,
1491 1466 1532 1499 et

64 1523 188 1560 habet
225 1523 283 1559 ibi
319 1522 527 1559 licentiam
565 1521 701 1559 sedere
739 1521 874 1558 eodem
913 1522 975 1558 die
1013 1526 1054 1558 et
1101 1522 1143 1558 in
1181 1522 1317 1571 vigilia
1362 1523 1531 1572 paschae

64 1589 226 1622 tantum
255 1588 297 1620 et
327 1584 458 1621 dicere
494 1582 629 1620 Gloria
663 1583 703 1619 in
731 1583 887 1620 excelsis
915 1582 1009 1620 Deo.
1070 1582 1259 1620 Similiter
1287 1585 1532 1632 paranimfus

65 1648 263 1698 presbiter
293 1650 377 1684 stat
411 1661 434 1683 a
465 1647 592 1683 latere
622 1646 747 1695 ipsius
780 1650 821 1682 et
853 1646 951 1694 legit
990 1645 1238 1694 evangelium
1276 1646 1320 1682 in
1351 1646 1529 1685 ambone.

65 1710 223 1748 Deinde
252 1709 450 1759 presbiter
481 1708 736 1757 supradictus
751 1706 796 1731 (ὤ)
833 1707 931 1744 facit
964 1707 1094 1744 missa.
1162 1707 1217 1743 Et
1250 1707 1446 1756 completa
1473 1721 1530 1755 ea,

65 1771 297 1822 aegreditur
327 1771 375 1808 de
404 1770 568 1807 ecclesia
596 1774 637 1807 et
666 1770 802 1819 epulat
831 1782 919 1806 cum
948 1770 1084 1806 amicis
1113 1770 1204 1806 suis.
1262 1770 1314 1806 In
1341 1771 1420 1807 alia
1440 1784 1533 1809 vero

65 1835 154 1871 diae
193 1833 324 1870 defert
368 1832 549 1882 pontifici
595 1831 793 1881 presbiter
841 1830 892 1870 X.
933 1843 1057 1874 cerea,
1095 1830 1278 1867 similiter
1323 1835 1365 1868 et
1408 1833 1531 1870 archi-

65 1896 298 1947 presbitero.

147 1957 339 1994 Similiter
377 1960 419 1993 et
456 1956 612 1993 diaconi
649 1955 802 1992 habent
839 1958 1033 1991 stratores
1071 1953 1286 1991 dominicos
1325 1954 1431 2001 duos,
1463 1957 1531 2005 qui

66 2019 313 2057 antecedunt
332 2031 398 2056 eos
417 2017 627 2055 clamando
647 2022 687 2054 et
708 2016 875 2054 dicendo
891 2029 899 2052 ε
935 2015 1023 2052 Tali
1042 2015 1202 2053 diacono
1227 2020 1374 2052 sanctus
1392 2015 1533 2054 Petrus

67 2081 208 2130 elegit!
265 2079 320 2116 Et
345 2079 550 2129 respondit
581 2083 749 2115 cunctus
773 2078 912 2121 clerus,
935 2078 1001 2126 qui
1031 2089 1120 2113 eum
1140 2077 1330 2125 sequitur,
1350 2078 1532 2116 similiter

66 2156 191 2193 usque
211 2143 254 2179 in
274 2142 433 2179 domum
453 2154 574 2178 suam.
636 2140 691 2176 Et
712 2141 794 2188 ipse
815 2140 976 2189 aepulat
997 2152 1084 2175 cum
1105 2139 1239 2175 amicis
1258 2139 1349 2176 suis.

625 2317 669 2362 (i)
694 2317 888 2362 presbiteri.

615 2373 671 2416 (ii)
697 2372 784 2418 aepi.

597 2427 668 2472 (iii)
694 2438 796 2471 supra
814 2426 928 2460 dictus
946 2428 1009 2460 est.

1286 2781 1355 2820 21
