1747 3121
541 197 740 229 CANONEs
770 197 1010 230 HIPPOLYTI.
1433 192 1516 233 539

60 299 282 346 vacentque
314 297 497 344 orationi,
529 299 693 348 psalmis
721 303 764 337 et
789 299 952 339 lectioni
976 301 1266 351 scripturarum
1293 315 1382 340 cum
1402 306 1525 342 orati-

59 359 214 405 onibus,
233 359 450 397 secundum
468 361 703 399 mandatum
722 363 989 411 apostolorum
1006 379 1015 403 ;
1047 364 1193 402 “Dum
1211 365 1331 402 venio
1359 367 1525 404 attende

58 421 401 462 lectioni.'’—218.
432 423 496 460 De
519 423 643 474 κλήρῳ
655 429 790 462 autem
813 426 882 475 qui
905 426 1117 464 convenire
1151 427 1363 476 negligunt
1393 440 1524 478 neque

57 484 193 521 morbo
221 496 349 533 neque
377 484 522 522 itinere
546 485 738 534 impediti,
762 488 1160 536 separentur.——2l9.
1191 488 1391 536 Ceterum,
1415 491 1522 540 quod

57 547 109 583 ad
145 547 321 584 infirmos
356 547 547 596 pertinet,
581 549 778 586 medicina
815 550 910 598 ipsis
947 550 991 587 in
1028 563 1074 587 eo
1105 552 1236 600 posita
1274 556 1336 589 est
1373 556 1420 589 ut
1450 553 1526 591 fre-

57 612 256 659 quentent
281 609 497 655 ecclesiam,
521 613 568 647 ut
597 610 788 649 fruantur
812 613 1004 659 oratione,
1030 617 1196 662 excepto
1222 626 1267 651 eo
1296 615 1364 664 qui
1389 616 1526 653 morbo

55 672 274 721 periculoso
293 671 475 720 laborat3
504 673 597 710 talis
616 686 641 710 a
659 673 782 724 κλήρῳ
801 674 991 712 visitetur
1011 675 1202 725 quotidie,
1225 677 1293 726 qui
1313 678 1523 716 certiorem

55 734 232 772 reddunt
251 746 352 772 eum.

138 796 227 833 220.
261 794 430 840 Quando
476 809 571 834 vero
609 797 693 846 jam
736 797 901 835 advenit
938 799 1080 835 mortis
1118 798 1218 836 hora
1256 799 1405 838 infirmi
1442 814 1525 839 non

55 861 310 908 exponantur
329 861 376 895 ut
405 858 449 895 in
477 859 698 909 κοιμητηρίῳ
716 859 929 907 dormiant,
948 860 1018 897 sed
1043 860 1149 909 apud
1168 865 1522 910 pauperes—221.

57 922 137 967 Qui
172 924 310 959 autem
344 921 546 970 propriam
584 921 744 959 domum
781 922 916 969 habet,
951 923 1112 973 quando
1160 925 1400 973 infirmatur,
1441 941 1524 966 non

56 983 326 1022 transferatur
349 983 394 1019 in
419 982 578 1020 domum
604 981 692 1029 Dei,
713 984 781 1021 secl
807 989 894 1022 oret
921 985 1201 1023 tantummodo
1214 999 1226 1033 3
1256 990 1356 1025 tunc
1384 989 1524 1028 redeat

55 1049 100 1086 in
118 1047 277 1084 domum
310 1046 582 1083 suam—222.
615 1045 854 1085 Procurator
879 1048 946 1086 ille
971 1053 1033 1086 est
1055 1050 1121 1086 cui
1151 1062 1246 1087 cura
1275 1050 1523 1090 infirmorum

55 1109 332 1148 committitur.
391 1107 610 1157 Episcopus
640 1113 777 1146 autem
801 1111 983 1147 enutriat
1012 1111 1112 1157 illos,
1143 1114 1185 1148 et
1213 1111 1373 1161 singula
1398 1127 1524 1164 usque

58 1172 110 1210 ad
128 1184 225 1208 vasa
244 1169 396 1217 fictilia,
417 1170 564 1219 quibus
585 1182 684 1219 opus
703 1174 764 1207 est
784 1171 963 1218 infirmis,
985 1174 1238 1222 procuratori
1257 1174 1406 1213 tradat.

138 1234 227 1272 223.
259 1232 406 1270 Omnes
426 1232 494 1282 qui
514 1231 565 1269 ad
584 1232 762 1269 ordinem
782 1232 1091 1271 christianorum
1110 1236 1329 1284 pertinent,
1350 1238 1522 1287 primum

55 1310 101 1335 eo
119 1300 297 1345 tempore
315 1297 432 1332 orent
452 1306 529 1344 quo
542 1290 572 1331 'a
598 1307 734 1332 somno
757 1300 929 1344 surgunt
956 1298 1320 1336 matutina—224.
1352 1299 1523 1345 Quando

55 1363 192 1397 autem
221 1370 334 1395 orare
377 1357 531 1403 volunt,
570 1369 713 1394 manus
750 1357 1048 1399 lavent.——-225.
1086 1359 1202 1398 Idem
1238 1360 1391 1399 faciant
1428 1368 1523 1401 ante

54 1420 211 1471 singula
229 1432 408 1470 quaeque
427 1431 555 1468 opera.
588 1448 598 1457 .

139 1482 229 1520 226.
264 1481 308 1519 Si
327 1485 389 1518 est
411 1481 455 1518 in
474 1481 639 1518 ecclesia
658 1485 879 1519 conventus
898 1486 1061 1532 propter
1079 1484 1246 1522 verbum
1267 1485 1355 1533 Dei,
1377 1486 1524 1536 singuli

55 1546 200 1595 quique
237 1557 327 1581 cum
363 1544 624 1581 festinatione
660 1547 875 1593 properent
912 1549 959 1580 ut
995 1544 1047 1581 ad
1084 1545 1185 1582 illud
1218 1553 1522 1597 congregentur,

54 1609 262 1657 sciantque
295 1606 423 1643 multo
452 1606 578 1655 magis
611 1618 695 1643 esse
724 1606 804 1642 illis
832 1606 1059 1655 eligendum
1087 1610 1134 1644 ut
1160 1608 1328 1646 audiant
1355 1610 1523 1648 verbum

55 1671 135 1708 Dei
171 1682 289 1719 quam
326 1672 373 1705 ut
409 1668 601 1705 fruantur
638 1668 746 1706 omni
781 1668 991 1717 splendore
1026 1668 1148 1718 hujus
1183 1672 1334 1718 mundi,
1372 1676 1414 1709 et
1449 1673 1523 1711 hoc

54 1733 130 1771 sibi
167 1743 357 1780 magnum
394 1730 585 1767 damnum
621 1743 706 1768 esse
738 1734 964 1778 numerent,
999 1732 1033 1768 si
1065 1733 1279 1782 aliquando
1307 1736 1523 1773 necessitas

55 1808 119 1833 eos
144 1794 313 1843 impedit
338 1793 548 1843 quominus
567 1792 736 1830 audiant
755 1793 922 1830 verbum
944 1793 1176 1832 Dei.—227.
1210 1794 1410 1833 Studeant
1429 1810 1523 1836 vero

54 1861 102 1894 ut
134 1868 251 1905 saepe
283 1855 455 1904 negotiis
485 1854 663 1904 expediti
694 1855 739 1891 in
769 1855 975 1892 ecclesiam
1005 1857 1255 1904 conveniant,
1284 1858 1522 1909 fortiterque

54 1919 190 1957 odium
217 1917 370 1955 inimici
397 1917 612 1966 expellant,
636 1917 830 1966 imprimis
856 1918 890 1954 si
916 1918 1058 1967 aliquis
1083 1919 1220 1956 literas
1246 1921 1522 1960 novies—228.

55 1983 186 2019 Tanto
221 1981 312 2030 plus
350 1979 575 2017 lucrabitur
612 1980 647 2016 si
683 1979 799 2017 audit
836 1980 940 2029 quod
970 1993 1052 2018 non
1087 1986 1264 2019 noverat.
1324 1982 1521 2021 Dominus

54 2045 160 2082 enim
190 2043 305 2080 adest
336 2042 380 2079 in
402 2042 486 2079 loco
508 2042 579 2079 ubi
600 2043 824 2091 majestatis
850 2043 1039 2080 memoria
1064 2045 1210 2093 agitur,
1239 2045 1523 2096 descenditque

55 2106 229 2156 Spiritus
248 2105 291 2141 in
310 2108 571 2153 congregatos
590 2105 840 2154 gratiamque
858 2118 971 2141 suam
990 2105 1162 2143 effundit
1184 2119 1301 2156 super
1320 2120 1524 2146 omnes.—

56 2170 144 2206 229.
185 2168 265 2212 Qui
300 2171 437 2204 autem
475 2171 538 2204 est
574 2166 744 2216 duplicis
781 2167 911 2205 cordis
946 2168 1064 2205 homo
1101 2169 1208 2206 inter
1245 2182 1321 2216 eos,
1361 2170 1405 2207 in
1441 2171 1522 2209 illis

54 2231 277 2281 requiescit,
318 2230 411 2279 quia
447 2229 600 2266 audisti
637 2229 687 2266 de
723 2229 882 2266 illorum
915 2231 1205 2268 constitutione
1235 2232 1278 2269 in
1308 2232 1523 2281 spiritu.—

55 2294 144 2331 230.
185 2293 264 2338 Qui
304 2296 439 2329 autem
480 2291 586 2328 domi
623 2295 922 2329 commoventur
959 2305 984 2328 a
1018 2293 1184 2339 ratione,
1225 2293 1268 2330 id
1304 2306 1386 2331 non
1422 2308 1523 2333 asse-

54 2359 234 2407 quuntur
280 2354 386 2405 quod
431 2354 476 2390 in
521 2353 686 2391 ecclesia
723 2353 1054 2392 audiunt.—23l.
1095 2354 1203 2404 Ergo
1248 2357 1520 2407 unusquisque

54 2431 208 2456 summo
234 2417 368 2455 studio
392 2415 610 2453 contendat
632 2419 680 2452 ut
702 2416 908 2453 ecclesiam
930 2415 1159 2465 frequentet
1180 2418 1363 2455 omnibus
1383 2418 1523 2457 diebus

54 2480 199 2530 quibus
228 2479 335 2517 fiunt
364 2477 723 2516 orationes—232.
764 2477 1020 2527 Quocumque
1057 2478 1122 2515 die
1158 2479 1202 2515 in
1239 2479 1404 2517 ecclesia
1441 2494 1523 2519 non

54 2545 173 2580 orant
198 2552 330 2578 sumas
361 2540 610 2589 Scripturam
643 2542 691 2576 ut
723 2539 832 2588 legas
862 2540 906 2575 in
938 2552 998 2579 ea.
1055 2539 1122 2577 Sol
1153 2541 1370 2589 conspiciat
1395 2546 1524 2579 matu-

56 2605 142 2642 tino
171 2608 348 2653 tempore
379 2601 627 2651 Scripturam
658 2614 776 2651 super
806 2614 936 2651 genua
963 2602 1193 2641 *oua—233.
1231 2602 1359 2641 Orent
1388 2607 1522 2642 autem
