1747 3121
188 217 272 258 482
816 223 1045 256 APPENDIX.

180 325 315 372 fuerit,
348 326 614 363 communicat
642 326 748 363 solus
769 327 1020 375 apostolicus.
1081 325 1136 362 Et
1163 327 1219 364 sic
1245 326 1446 365 benedicit
1466 327 1651 376 chrisma,

180 392 221 425 et
245 388 365 438 jubet
396 387 444 425 de
481 388 566 437 ipso
597 392 668 425 aut
697 388 746 425 de
772 389 967 426 annotino
996 388 1263 426 oblationario
1287 393 1360 426 aut
1390 389 1653 439 subadjuvo&

179 451 403 500 expendere
432 463 503 500 per
534 450 676 488 titulos
714 454 755 487 et
788 463 860 500 per
896 451 996 488 alias
1032 451 1228 489 ecclesias.
1297 451 1490 489 Similiter
1527 457 1570 490 et
1602 453 1652 491 de

179 518 318 551 sancto
337 514 528 550 sacrificio
551 512 657 562 quod
677 518 841 550 servant
861 513 905 550 in
929 518 1045 550 sexta
1064 513 1166 550 feria
1183 526 1191 550 :
1221 518 1263 551 et
1293 515 1590 552 communicant
1609 519 1652 553 et

180 576 335 614 vadunt
367 577 410 612 in
428 575 690 613 tabernacula
710 588 793 612 sua.

259 638 348 675 Fer.
384 637 472 684 VI.,
506 637 605 674 hora
645 638 760 688 quasi
795 636 929 684 VIII„
958 637 1167 675 descendit
1200 637 1369 674 domnus
1407 637 1651 687 apostolicus

180 701 229 738 de
266 700 478 737 Later-anis
510 700 554 736 in
586 703 771 737 sanctum
804 699 832 737 J
835 699 1045 746 ohannem,
1079 704 1359 737 verumtamen
1391 699 1653 739 discalceatus

182 769 264 800 tam
300 763 383 813 ipse
412 775 533 812 quam
576 762 720 812 reliqui
761 763 938 800 ministri
969 766 1133 800 sanctae
1178 762 1376 809 ecclesiae,
1413 766 1455 800 et
1478 764 1651 801 veniunt

179 826 231 863 ad
250 826 390 863 altare.
448 824 503 862 Et
521 825 716 874 praecipit
736 825 906 863 domnus
934 825 1176 875 apostolicus
1196 823 1413 861 accendere
1438 824 1576 862 lumen
1607 825 1651 862 in

179 887 374 937 ungiario,
417 889 460 923 et
498 886 682 923 accendit
718 898 769 923 ex
805 887 891 936 ipso
928 886 1065 923 lumen
1097 885 1163 922 cui
1206 885 1289 935 ipse
1329 885 1494 935 jusserit
1549 884 1651 923 duas

179 950 332 988 faculas
361 949 484 995 albas,
516 961 615 998 quas
650 953 819 998 portant
852 948 931 986 duo
959 948 1093 986 clerici
1124 946 1175 985 de
1205 948 1390 986 cubiculo
1420 955 1516 985 ante
1546 948 1653 986 dom-

153 1026 287 1051 ⁴num.
359 1011 415 1049 Et
446 1011 664 1061 procedent
697 1011 747 1049 de
789 1015 929 1049 sancto
966 1010 1154 1049 Johanne
1189 1010 1397 1059 psallendo
1433 1010 1554 1049 Beati
1589 1011 1654 1049 im-

179 1074 377 1121 maculati,
394 1073 672 1112 archidiacono
691 1078 855 1112 tenente
874 1074 1081 1111 sinistram
1095 1085 1260 1110 manum
1279 1072 1415 1110 domni
1433 1073 1652 1123 apostolici,

179 1143 220 1176 et
262 1138 349 1187 ipso
391 1137 580 1186 pontifice
622 1137 666 1174 in
703 1136 871 1174 dextera
909 1150 980 1174 sua
1017 1139 1207 1186 portante
1248 1136 1473 1173 turibulum
1485 1135 1524 1161 (¹⁵)
1564 1149 1653 1174 cum

179 1202 342 1238 incenso
374 1204 416 1238 et
453 1200 531 1237 alio
561 1199 727 1237 diacono
752 1203 843 1249 post
871 1199 1032 1236 dorsum
1061 1198 1200 1236 domni
1225 1198 1433 1248 apostolici
1462 1202 1652 1248 portante

179 1265 331 1314 lignum
359 1265 556 1314 pretiosae
585 1263 712 1300 crucis
745 1263 788 1299 in
825 1276 944 1313 capsa
977 1262 1026 1300 de
1057 1275 1155 1300 auro
1183 1275 1273 1299 cum
1302 1263 1467 1313 gemmis
1498 1266 1653 1301 ornata.

180 1327 292 1364 Crux
330 1325 482 1364 veroffl')
526 1327 613 1376 ipsa
657 1325 706 1363 de
749 1326 857 1375 ligno
905 1326 1080 1376 pretioso
1119 1324 1289 1375 desuper
1328 1338 1379 1362 ex
1417 1338 1515 1363 auro
1563 1338 1653 1363 cum

179 1392 343 1442 gemmis
380 1391 490 1428 intus
527 1403 666 1427 cavam
710 1389 862 1428 habens
907 1390 1198 1428 confectionem
1244 1403 1295 1427 ex
1338 1390 1517 1427 balsamo
1550 1390 1650 1427 satis

179 1456 280 1492 bene
313 1454 459 1492 olente.
516 1453 572 1490 Et
598 1454 693 1491 dum
718 1454 960 1503 preveniunt
989 1453 1040 1489 ad
1070 1452 1327 1490 Hierusalem
1351 1453 1512 1490 intrant
1534 1453 1654 1490 eccle-

179 1519 279 1555 siam
298 1521 340 1554 et
358 1517 473 1566 ponit
502 1516 694 1554 diaconus
722 1517 848 1566 ipsam
875 1529 1034 1566 capsam
1058 1516 1128 1553 ubi
1154 1519 1215 1553 est
1247 1529 1345 1553 crux
1375 1529 1494 1566 super
1524 1517 1654 1554 altare

179 1584 221 1616 et
251 1579 306 1616 sic
350 1578 481 1627 aperit
512 1590 599 1615 eam
637 1578 806 1615 domnus
846 1577 1098 1627 apostolicus.
1158 1577 1316 1614 Deinde
1352 1578 1574 1627 prosternit
1612 1590 1654 1615 se

179 1646 276 1679 ante
306 1642 434 1678 altare
464 1639 516 1678 ad
546 1641 793 1678 orationem:
837 1644 878 1677 et
911 1643 1125 1689 postquam
1159 1639 1289 1688 surgit
1322 1640 1528 1677 osculatur
1565 1652 1652 1677 eam

179 1709 221 1742 et
257 1703 372 1741 vadit
413 1707 455 1741 et
499 1707 583 1740 stat
621 1704 724 1740 circa
762 1703 907 1740 sedem.
966 1702 1022 1739 Et
1058 1715 1131 1752 per
1168 1702 1255 1751 ejus
1282 1702 1501 1751 jussionem
1542 1715 1654 1740 oscu-

179 1767 317 1804 lantur
354 1766 536 1815 episcopi,
579 1765 803 1814 presbiteri,
854 1764 1020 1810 diaconi,
1072 1763 1306 1801 subdiaconi
1354 1777 1473 1814 super
1524 1764 1654 1802 altare

178 1831 305 1879 ipsam
342 1841 509 1866 crucem.
569 1828 727 1865 Deinde
764 1831 921 1877 ponunt
959 1839 1045 1864 eam
1083 1839 1201 1876 super
1231 1826 1418 1864 arcellam
1448 1827 1499 1864 ad
1532 1840 1653 1877 rugas

179 1898 221 1930 et
250 1892 307 1929 ibi
335 1892 540 1929 osculatur
558 1904 646 1928 eam
665 1891 845 1940 reliquus
869 1891 1049 1939 populus.
1109 1889 1260 1926 Tamen
1287 1889 1460 1927 feminae
1489 1890 1546 1927 ibi
1575 1903 1654 1928 non

179 1955 414 1992 introeunt:
444 1954 512 1991 sed
537 1958 675 2003 postca
702 1957 871 2003 portant
895 1966 981 1990 eam
1008 1952 1298 1989 oblationarius
1314 1951 1357 1976 (Ν)
1391 1957 1432 1989 et
1462 1951 1532 1989 alii
1564 1953 1654 1991 sub-

179 2018 336 2055 diaconi
356 2021 398 2054 et
421 2017 625 2054 osculatur
652 2030 675 2053 a
695 2016 869 2053 feminis.
927 2015 1223 2051 Verumtamen
1249 2019 1297 2051 ut
1325 2028 1349 2050 a
1375 2014 1520 2052 domno
1543 2027 1653 2064 apos—

180 2080 299 2117 tolico
318 2079 443 2116 fuerit
470 2079 658 2124 osculata,
686 2078 827 2114 statim
858 2076 1041 2113 ascendit
1066 2075 1334 2112 subdiaconus
1366 2076 1409 2112 in
1442 2076 1653 2113 ambonem

251 2235 298 2281 (i)
325 2235 397 2269 Sub
414 2234 516 2269 ambe
534 2236 605 2269 cod.

252 2290 308 2336 (ii)
335 2290 536 2335 According
564 2294 601 2324 to
628 2289 732 2323 Latin
755 2301 830 2334 use,
847 2289 986 2323 neither
1012 2288 1072 2323 the
1096 2288 1222 2334 bishop
1251 2299 1316 2322 nor
1344 2287 1404 2322 the
1432 2287 1651 2335 celebrating

180 2345 288 2391 priest
322 2345 449 2379 carries
483 2345 543 2378 the
571 2355 693 2379 censer
718 2344 753 2377 in
781 2343 990 2389 procession.
1051 2342 1129 2377 The
1163 2353 1242 2377 case
1276 2342 1305 2376 is
1338 2342 1498 2377 different
1530 2343 1566 2378 in
1593 2344 1653 2380 the

182 2401 276 2445 East‚
295 2400 364 2434 and
381 2411 434 2435 wc
457 2399 548 2434 need
565 2403 628 2434 not
649 2400 692 2434 be
715 2398 917 2434 astonished
941 2402 977 2433 to
1004 2398 1079 2432 find
1106 2397 1188 2432 here
1213 2409 1259 2432 an
1284 2397 1438 2432 Oriental
1465 2397 1581 2442 detail,
1601 2398 1653 2432 for

181 2454 241 2488 the
264 2453 369 2488 ritual
396 2453 434 2488 of
455 2453 515 2488 the
543 2452 738 2488 Adoration
763 2452 802 2486 of
823 2452 883 2486 the
905 2451 1008 2486 Cross
1027 2462 1098 2486 was
1120 2451 1294 2497 imported
1323 2452 1396 2486 into
1426 2452 1537 2487 Rome
1563 2453 1652 2488 from

181 2510 241 2545 the
258 2510 355 2543 East.
405 2509 490 2544 This
507 2509 672 2555 practice,
690 2519 883 2553 moreover,
901 2518 987 2542 soon
1006 2506 1246 2552 disappeared.

253 2565 322 2610 (iii)
347 2564 448 2598 With
474 2564 599 2609 regard
625 2568 661 2598 to
687 2563 756 2598 this
784 2574 890 2608 cross,
909 2573 967 2596 see
986 2562 1045 2596 the
1073 2563 1153 2596 Lib.
1175 2561 1294 2605 Pom„
1313 2559 1381 2595 vol.
1400 2560 1422 2595 i.
1439 2572 1472 2607 p.
1491 2561 1561 2597 374
1579 2562 1652 2609 (lise

183 2620 221 2656 of
235 2619 376 2664 Sergius
394 2619 449 2664 1.).

255 2674 325 2720 (iv)
351 2673 479 2719 Oblati,
499 2675 572 2710 cod·
