1747 3121
397 196 718 228 PEREGRINATIO
745 199 964 229 ETHERIAE
996 188 1211 242 (SILvrAE).
1460 188 1541 229 505

66 297 106 334 id
125 301 187 334 est
215 297 259 334 in
279 297 443 335 60016516
463 296 648 346 majore.''
706 297 813 335 Item
833 299 971 335 mittet
991 311 1127 336 vocem
1147 300 1328 346 alteram,
1352 303 1393 336 617
1414 299 1535 337 dicet:

66 357 239 395 “Hodie
272 371 407 395 omnes
437 357 536 395 hora
566 358 736 407 septima
771 359 814 396 in
844 359 997 397 Eleona
1028 361 1163 408 parati
1194 359 1353 399 simus.’'
1409 360 1534 396 Facta,

65 432 159 469 ergo
186 420 308 456 missa
338 420 382 457 in
412 420 577 457 60016516
607 420 769 469 majore,
798 420 840 457 id
869 425 932 458 est
961 421 1011 458 ad
1042 421 1301 470 Martyrium,
1323 421 1536 458 deducitur

64 481 268 530 episcopus
299 494 389 518 cum
418 481 549 530 ymnis
583 480 634 517 ad
667 481 882 527 Anastase‚
905 485 947 518 et
980 482 1037 519 ibi
1071 482 1277 531 complebis
1308 495 1410 532 quae
1443 495 1535 519 con-

64 542 235 580 suetudo
280 546 341 580 est
387 542 529 580 diebus
576 542 783 580 dominicis
830 544 916 580 fieri
959 545 1004 581 in
1042 544 1244 581 Anastase
1279 549 1370 594 post
1414 545 1534 581 missa

64 605 266 654 Martyrii‚
307 606 429 642 etiam
467 607 741 656 unusquisque
777 606 891 644 hiens
928 607 980 644 ad
1017 607 1178 644 domum
1216 620 1328 644 suam
1365 607 1536 644 festinat

63 665 315 713 manducare,
345 671 392 704 ut
415 667 514 705 hora
540 668 761 717 inquoante
789 669 959 718 septima
981 682 1117 706 omnes
1143 670 1187 706 in
1207 670 1372 706 60016516
1401 670 1535 719 parati

65 728 147 765 sint
165 741 267 777 quae
287 732 348 765 est
368 729 411 765 in
430 729 594 775 Eleona‚
616 729 657 766 id
678 734 739 767 est
758 731 802 767 in
821 735 957 768 monte
973 730 1126 769 Oliveti
1139 745 1151 779 3
1178 732 1236 768 ibi
1265 735 1326 768 est
1347 732 1536 781 spelunca

64 791 142 837 illa,
166 791 209 827 in
229 803 307 840 qua
327 791 497 828 docebat
525 792 729 830 Dominus.

465 1033 519 1084 (b)
549 1032 771 1070 Pron-assion
799 1033 840 1070 in
869 1033 926 1070 the
955 1032 1136 1081 Eveniny.

147 1165 263 1204 Hora
282 1178 375 1214 ergo
395 1165 566 1214 septima
591 1164 720 1201 omnis
748 1164 917 1214 populus
946 1162 1136 1201 ascendet
1155 1163 1199 1200 in
1217 1165 1353 1199 monte
1374 1162 1533 1208 Oliveti,

65 1229 107 1267 id
133 1233 195 1266 6517
223 1229 267 1265 10
286 1228 439 1265 Ε16006
453 1241 463 1274 ;
492 1227 536 1263 in
555 1227 719 1264 60016516
748 1226 861 1264 56(1617
889 1227 1092 1276 episcopus
1107 1240 1116 1273 3
1145 1225 1336 1262 dicuntur
1363 1225 1476 1274 ymni
1496 1229 1538 1262 et

61 1292 305 1343 antiphonae
325 1295 444 1341 aptae
465 1292 543 1329 diei
562 1291 639 1341 ipsi
659 1291 721 1328 vel
743 1291 841 1336 1000,
863 1291 1054 1328 lectiones
1074 1290 1197 1327 etiam
1223 1289 1418 1326 similiter.
1479 1287 1533 1324 Et

62 1368 150 1392 eum
171 1355 343 1404 coeperit
359 1367 399 1391 se
411 1353 544 1391 faeere
563 1354 662 1391 hora
682 1367 799 1398 nona,
816 1354 976 1390 subitur
992 1366 1081 1390 cum
1101 1354 1232 1402 ymnis
1252 1354 1295 1389 in
1311 1352 1532 1397 Imbomon,

60 1416 102 1453 id
122 1421 183 1454 est
201 1417 245 1453 in
264 1429 309 1454 eo
329 1417 413 1453 1000
433 1416 482 1453 de
497 1428 574 1466 quo
594 1415 774 1452 ascendit
792 1415 990 1452 Dominus
1010 1416 1054 1452 in
1073 1415 1201 1461 caelis,
1219 1418 1259 1452 et
1280 1415 1337 1451 ibi
1356 1414 1532 1450 seditur:

61 1491 153 1515 nam
187 1478 314 1515 omnis
346 1478 518 1527 populus
556 1490 709 1527 semper
740 1481 925 1526 presente
956 1477 1137 1526 episcopo
1169 1477 1335 1525 jubetur
1373 1474 1507 1511 sedere
1523 1489 1533 1522 5

61 1543 223 1577 tantum
243 1539 351 1590 quod
371 1539 554 1577 diacones
574 1540 649 1576 soli
669 1543 782 1576 stant
811 1551 974 1588 semper.
1035 1539 1240 1575 Dicuntur
1269 1541 1311 1574 et
1339 1537 1395 1573 ibi
1423 1536 1535 1585 ymni

61 1602 124 1640 vel
157 1601 402 1651 antiphonae
431 1606 550 1651 aptae
578 1601 664 1639 1000
691 1606 764 1638 61117
793 1601 883 1647 (1161,
910 1601 1094 1638 similiter
1123 1604 1165 1637 et
1192 1600 1385 1637 lectiones
1413 1599 1535 1635 inter-

61 1664 214 1713 positae
234 1668 274 1701 et
294 1665 508 1702 orationes.
566 1662 622 1699 Et
642 1663 727 1711 jam
756 1676 846 1699 cum
873 1662 1046 1711 coeperit
1075 1674 1158 1699 esse
1186 1661 1284 1698 hora
1310 1660 1532 1706 undecima,

62 1726 210 1775 legitur
238 1726 306 1762 1116
328 1725 438 1762 100115
465 1725 514 1763 (16
534 1724 751 1774 evangelio,
769 1724 839 1761 ubi
858 1723 1039 1761 infantes
1058 1737 1147 1760 cum
1168 1723 1289 1760 ramis
1309 1722 1372 1759 vel
1392 1722 1534 1771 palmis

62 1793 322 1826 occurrerunt
366 1789 552 1835 Domino,
592 1788 795 1826 dicentes:
841 1787 1073 1825 Benedictus
1101 1787 1165 1837 qui
1193 1786 1291 1824 venit
1319 1786 1360 1823 in
1388 1785 1533 1823 ‘nomine

64 1850 229 1888 Domims.
288 1851 344 1888 Et
364 1852 503 1888 statim
532 1851 641 1887 levat
670 1862 711 1887 se
739 1849 942 1900 episcopus
970 1853 1012 1886 et
1039 1849 1166 1886 omnis
1194 1848 1363 1898 populus
1378 1862 1389 1897 3
1417 1860 1534 1897 porro

64 1915 158 1951 inde
178 1913 227 1951 de
247 1927 400 1951 summo
428 1918 564 1951 monte
595 1914 744 1950 Oliveti
775 1918 907 1951 totum
937 1913 1105 1962 pedibus
1130 1914 1225 1949 itur.
1286 1914 1392 1950 Nam
1423 1919 1535 1951 totus

64 1977 234 2027 populus
271 1980 367 2014 ante
404 1977 534 2026 ipsum
572 1989 660 2013 cum
697 1977 829 2026 ymnis
867 1976 930 2013 vel
968 1976 1209 2025 antiphoniS,
1250 1976 1535 2025 respondentes

57 2057 235 2093 semper:
277 2044 508 2081 Benedictus
536 2043 600 2092 qui
637 2042 736 2079 venit
769 2041 809 2078 in
842 2041 989 2078 nomine
1027 2041 1194 2079 Domini.
1253 2041 1309 2077 Et
1346 2045 1541 2090 quotquot

56 2110 154 2143 sunt
172 2105 355 2143 infantes
374 2106 418 2142 in
438 2105 594 2142 hisdem
614 2105 722 2150 locis,
743 2116 868 2154 usque
885 2104 1006 2140 etiam
1022 2104 1090 2153 qui
1105 2102 1129 2128 (ἰ)
1148 2103 1316 2153 pedibus
1336 2103 1542 2140 ambulare

62 2183 146 2207 non
164 2172 346 2219 possunt,
367 2168 460 2218 quia
483 2168 612 2204 teneri
638 2173 745 2214 sunt,
766 2169 810 2204 in
830 2168 928 2205 collo
956 2168 1044 2204 11105
1072 2172 1259 2217 parentes
1288 2168 1350 2205 sui
1378 2172 1533 2216 tenent,

65 2245 202 2270 omnes
239 2243 369 2268 ramos
407 2233 602 2276 tenentes,
644 2230 712 2266 alii
750 2230 986 2279 palmarum,
1025 2229 1095 2266 alii
1133 2229 1329 2267 olivarum
1343 2242 1354 2276 ;
1400 2233 1442 2267 et
1479 2231 1534 2268 sic

65 2293 287 2331 deducetur
308 2293 514 2342 episcopus
533 2293 577 2328 in
596 2304 641 2329 eo
660 2296 757 2341 typo
777 2305 853 2341 quo
881 2297 979 2329 tunc
1008 2292 1205 2329 Dominus
1232 2292 1431 2329 deductus
1459 2298 1533 2330 est·

67 2357 122 2394 Et
142 2356 192 2394 de
211 2368 364 2394 summo
383 2358 519 2392 monte
538 2367 662 2404 usque
683 2354 733 2390 ad
753 2355 972 2400 civitatem,
994 2358 1035 2391 et
1055 2354 1147 2390 inde
1166 2353 1219 2390 ad
1238 2354 1444 2391 Anastase
1461 2368 1533 2405 per

66 2423 196 2456 totam
224 2419 445 2463 civitatem,
474 2420 607 2456 totum
633 2416 801 2465 pedibus
829 2429 975 2462 omnes,
997 2415 1066 2453 sed
1084 2420 1127 2453 et
1146 2416 1300 2466 siquae
1327 2421 1534 2455 matronae

68 2484 163 2517 sunt
183 2484 256 2517 aut
275 2480 309 2517 si
328 2479 397 2530 qui
415 2478 577 2524 domini,
600 2478 656 2515 sic
684 2476 890 2515 deducunt
918 2478 1143 2527 episcopum
1171 2478 1472 2527 respondentes,
1493 2484 1535 2517 et

67 2544 123 2580 sic
149 2543 259 2580 lente
279 2546 321 2579 et
347 2543 466 2587 lente,
489 2553 540 2578 ne
564 2541 736 2577 lassetur
765 2540 933 2589 populus
948 2553 958 2586 ;
985 2552 1102 2589 porro
1129 2540 1212 2589 jam
1241 2553 1329 2577 sera
1356 2543 1534 2590 perveni-

69 2610 136 2641 tur
165 2604 215 2641 ad
236 2606 449 2641 Anastase.
508 2602 594 2639 Ubi
625 2615 712 2639 eum
741 2605 907 2638 ventum
936 2601 1072 2643 fuerit,
1104 2602 1322 2645 quamlibet
1351 2616 1438 2640 sero
1469 2603 1534 2642 sit,

672 2685 716 2728 (i)
744 2695 835 2729 quae
853 2685 924 2718 cod.
