1747 3121
542 192 627 222 THE
657 193 810 223 ROMAN
844 193 1051 224 ORDINES.
1449 188 1530 229 469

143 288 239 326 Post
260 289 332 326 hoc
349 303 453 336 Vero,
471 290 534 328 die
554 291 636 337 illa,
651 295 793 328 octava
812 291 910 329 hora
931 292 1035 329 diaei
1053 290 1232 340 procedit
1252 289 1304 327 ad
1324 292 1526 329 ecclesiam

60 351 187 387 omnis
215 351 343 388 clerus
371 365 440 388 seu
469 356 510 389 et
538 353 666 390 omnis
695 354 874 403 populus,
898 358 939 391 et
967 353 1194 403 ingreditur
1224 352 1526 391 archidiaconus

59 413 103 449 in
121 414 294 450 sacrario
314 426 404 450 cum
423 414 513 451 aliis
532 415 765 452 diaconibus
785 421 826 452 et
846 420 1008 452 mutant
1028 429 1069 453 se
1096 417 1200 452 3161111
1219 416 1262 452 111
1291 415 1355 452 (116
1373 420 1523 455 sancta.

60 473 116 511 Et
135 475 421 524 aegrediuntur
441 476 490 513 de
511 478 683 515 sacrario
702 481 743 515 611
763 477 866 515 (11166
885 478 1042 515 faculae
1072 482 1168 515 ante
1195 479 1301 527 ipsos
1322 491 1485 515 accense
1499 478 1525 501 (i)

58 540 266 585 portantes
284 551 308 573 a
328 537 579 584 subdiacono,
598 543 640 575 et
654 541 824 576 veniunt
843 545 939 578 ante
957 541 1087 577 altare
1106 541 1272 586 diaconi,
1291 540 1524 577 osculantur

58 599 187 648 ipsum
219 603 260 637 et
289 600 444 637 Vadunt
473 601 525 638 ad
558 601 689 639 sedem
722 603 933 651 pontificis,
968 607 1010 640 et
1042 604 1119 652 ipsi
1150 602 1384 640 subdiaconi
1411 607 1523 640 stant

58 665 166 699 retro
195 662 335 708 altare,
367 666 553 699 tenentes
580 662 733 700 faculas
762 677 887 714 usque
915 665 1009 702 dum
1039 665 1291 713 complentur
1319 664 1519 702 lectiones.

59 723 215 761 Deinde
246 724 391 761 annuit
429 724 731 762 archidiaconus
764 726 1007 764 subdiacono
1041 727 1264 776 regionario
1290 731 1337 764 ut
1364 727 1523 777 legatur

56 785 174 823 lectio
202 787 341 836 prima,
373 786 418 823 in
449 799 566 836 greco
596 788 680 824 sive
712 788 755 823 in
787 788 925 827 latino.
985 789 1143 826 Deinde
1173 790 1311 839 psallit
1340 790 1523 828 sacerdos

55 849 163 886 infra
181 849 371 887 thronum
393 849 438 886 in
456 848 602 886 dextra
617 854 732 899 parte
753 850 893 887 altaris
913 854 954 887 et
969 850 1067 887 dicit
1087 850 1250 898 Oremas,
1269 855 1311 888 611
1331 851 1522 890 diaconus

56 910 270 948 Flectamas
299 924 431 959 9enua,
466 914 507 947 et
537 915 628 960 post
660 912 868 960 paululum
906 912 1005 949 dicit
1042 912 1195 952 Levate.
1255 913 1310 950 Et
1340 915 1521 964 sequitur

55 973 185 1010 oracio
214 972 320 1010 Deus
358 972 422 1022 qui
459 972 684 1010 mirabiliter
720 974 857 1011 creasti
889 974 1079 1015 hominem.
1139 976 1296 1013 Deinde
1330 982 1520 1014 secuntur

55 1035 243 1073 lectiones
277 1040 318 1073 et
349 1036 507 1073 cantica
537 1049 606 1073 seu
643 1041 684 1074 et
715 1038 929 1084 oraciones,
963 1042 1048 1075 tam
1077 1051 1192 1087 grece
1230 1052 1348 1089 quam
1379 1040 1517 1086 latine,

54 1099 158 1136 3161111
177 1099 356 1136 ordinem
375 1098 540 1138 habent.

134 1161 392 1198 Lectionibus
413 1161 593 1210 expletis,
617 1161 881 1211 egrediuntur
900 1163 948 1200 de
972 1163 1135 1200 ecclesia
1164 1176 1264 1213 quae
1292 1164 1519 1213 appellatur

54 1221 393 1259 Constantiniana
413 1226 455 1259 et
484 1221 691 1260 descendit
719 1223 1022 1261 archidiaconus
1050 1237 1138 1261 cum
1167 1225 1254 1261 aliis
1273 1225 1517 1272 diaconibus,

52 1289 94 1321 et
125 1285 230 1334 ipsas
259 1285 414 1321 faculas
446 1289 542 1322 ante
572 1286 689 1335 ipsos,
723 1299 848 1335 usque
882 1287 926 1323 in
955 1288 1172 1324 sacrarium
1205 1288 1273 1337 qui
1307 1292 1369 1325 6311
1396 1289 1517 1338 juxta

51 1346 192 1393 fontes,
216 1351 258 1384 et
284 1347 340 1383 ibi
369 1351 585 1396 expectant
612 1347 851 1396 pontificem.
909 1347 965 1384 Et
995 1349 1089 1385 dum
1118 1349 1338 1395 advenerit,
1359 1351 1517 1400 quando

50 1409 176 1457 jubet,
199 1409 298 1446 dicit
318 1409 368 1446 ad
395 1414 585 1458 quartum
604 1409 653 1446 de
674 1410 778 1447 scola
796 1426 804 1449 :
833 1410 991 1448 Intrate.
1052 1411 1107 1448 Et
1126 1412 1318 1449 inchoant
1338 1413 1516 1452 laetania

51 1476 146 1509 ante
165 1472 312 1519 fontes,
333 1476 561 1522 repetentes
582 1477 655 1509 ter.
712 1472 791 1517 Qui
819 1472 915 1509 dum
944 1474 1122 1511 dixerint
1150 1474 1281 1524 Aynns
1301 1475 1388 1521 Dei,
1411 1489 1516 1526 egre—

51 1533 162 1570 ditur
200 1533 386 1583 pontifex
423 1534 472 1571 de
510 1535 682 1572 sacrario
727 1548 816 1572 cum
858 1535 1102 1582 diaconibus,
1142 1540 1183 1573 et
1221 1538 1326 1586 ipsas
1365 1538 1520 1577 faculas

51 1599 146 1632 ante
174 1596 303 1644 ipsum
334 1608 458 1645 usque
491 1597 542 1634 ad
575 1597 719 1634 fontes.
777 1597 949 1634 Letania
987 1599 1156 1647 expleta,
1198 1599 1297 1636 dicit
1331 1599 1516 1639 Dominus

49 1659 239 1705 vobiscum,
257 1659 401 1696 deinde
424 1659 588 1706 Oremus,
607 1664 648 1697 et
668 1661 847 1710 sequitur
867 1662 994 1698 oratio
1013 1661 1075 1697 his
1091 1662 1244 1700 verbis:
1277 1661 1515 1713 Omnipotens

48 1721 267 1770 sempiterne
288 1720 407 1767 Deus,
430 1721 559 1758 adesto
572 1722 760 1772 piaetatis
781 1728 867 1759 tuae
896 1723 1088 1771 mysteriis.
1150 1723 1308 1761 Deinde
1335 1727 1515 1774 sequitur

49 1783 278 1820 benedictio
315 1782 377 1819 his
416 1783 572 1822 verbis:
603 1783 710 1820 Deus
747 1784 811 1834 qui
848 1784 1026 1822 invisibili
1058 1785 1242 1835 potentia,
1264 1786 1514 1825 decantando

48 1845 152 1882 sicut
184 1844 420 1893 prefatione.
480 1845 562 1883 Ubi
592 1845 765 1885 dixerit:
796 1846 1013 1884 Descendat
1043 1846 1083 1883 in
1117 1846 1212 1884 hanc
1238 1847 1513 1897 plenitudinem

39 1906 173 1954 fontis,
196 1911 353 1955 ponunt
373 1906 525 1944 faculas
544 1908 649 1957 ipsas
669 1908 776 1945 infra
801 1908 944 1945 fontes.
1000 1909 1287 1947 Benediccione
1315 1911 1509 1960 conpleta,

48 1969 193 2018 accipit
212 1968 396 2018 pontifex
417 1969 559 2006 crisma
578 1982 667 2006 cum
688 1971 773 2007 oleo
801 1971 928 2007 mixto
956 1971 1000 2006 in
1019 1984 1112 2008 vase
1140 1972 1191 2008 ab
1220 1971 1509 2019 archidiacono,

47 2035 88 2068 et
120 2032 299 2080 aspargit
321 2044 411 2068 eam
430 2044 501 2080 per
520 2031 695 2068 medium
714 2032 839 2069 fontis
860 2034 902 2069 in
922 2033 1053 2070 tribus
1072 2034 1264 2082 partibus,
1287 2037 1329 2070 611
1362 2037 1511 2085 recepit

46 2104 116 2128 vas
144 2092 447 2129 archidiaconus
476 2092 525 2129 de
555 2105 677 2130 manu
711 2095 909 2143 pontificis
942 2099 983 2131 et
1014 2095 1148 2132 reddit
1185 2109 1271 2132 eam
1308 2097 1510 2136 acholitho

46 2154 113 2203 qui
132 2167 220 2191 eam
240 2154 398 2191 detulit.
459 2154 514 2190 Et
532 2155 716 2203 pontifex
744 2158 922 2206 aspargit
952 2170 1040 2194 cum
1069 2171 1189 2195 manu
1218 2158 1267 2195 de
1295 2160 1380 2208 ipsa
1409 2174 1510 2211 aqua

47 2228 164 2264 super
189 2216 389 2265 populum.

133 2279 187 2316 Et
207 2279 322 2315 vadit
351 2278 402 2315 ad
430 2279 557 2316 locum
587 2279 656 2316 ubi
689 2281 892 2329 baptizare
922 2281 1052 2327 debet,
1089 2286 1130 2318 611
1161 2282 1319 2320 diaconi
1349 2284 1507 2323 intrant

46 2342 153 2380 infra
172 2341 317 2387 fontes,
340 2341 408 2390 qui
428 2340 675 2378 denominati
700 2346 795 2378 sunt
825 2342 875 2379 ad
905 2343 1200 2392 baptizandum,
1222 2357 1310 2381 cum
1339 2345 1510 2384 sindalia

45 2406 87 2442 in
123 2402 301 2452 pedibus,
344 2416 413 2440 seu
448 2407 489 2439 611
528 2403 763 2441 subdiaconi
801 2406 914 2441 exuti
960 2406 1134 2454 planitas
1180 2419 1282 2443 suas.
1353 2408 1510 2447 Deinde

47 2467 248 2515 accipiunt
269 2465 503 2503 subdiaconi
521 2465 697 2502 infantes
721 2470 762 2503 et
791 2466 962 2503 tradunt
991 2466 1042 2503 ad
1070 2467 1254 2505 diacones
1283 2473 1324 2506 et
1353 2469 1509 2508 diaconi

670 2629 709 2674 (i)
738 2640 898 2663 aucense.
