1747 3121
194 230 277 272 458
819 230 1048 264 APPENDIX.

197 344 389 390 oratione,
427 346 470 380 et
509 342 695 379 osculant
733 340 864 377 altare
901 339 997 377 hinc
1034 343 1077 376 et
1115 339 1220 376 inde.
1299 338 1355 376 Et
1393 339 1488 376 dum
1527 339 1678 376 dixerit

198 406 304 443 scola
342 418 504 443 versum
543 404 595 441 ἃᾶ
633 402 910 453 repetendum,
949 402 1080 451 surgit
1111 400 1298 450 pontifex
1336 401 1388 438 ab
1420 402 1607 439 oracione
1637 405 1680 437 et

198 468 353 506 osculat
390 466 644 515 evangelium
682 464 751 515 qui
788 468 851 502 est
889 477 1008 514 super
1045 464 1185 510 altare,
1220 467 1262 501 et
1292 463 1407 501 vadit
1445 463 1495 501 de
1532 463 1679 501 dextra

197 535 314 580 parte
350 530 492 567 altaris
523 527 575 565 ad
613 526 748 564 sedem
785 540 909 573 suam,
949 530 991 564 et
1038 526 1198 563 diaconi
1245 538 1334 562 cum
1379 525 1467 575 ipso
1504 524 1599 562 hinc
1636 528 1678 562 et

198 593 293 630 inde
312 596 469 629 stantes
489 595 530 627 et
550 590 790 639 aspicientes
810 594 954 627 contra
973 589 1202 627 orientem.l

280 654 439 693 Deinde
476 657 636 703 ponunt
674 652 842 690 acolithi
871 657 1095 690 cereostata
1124 664 1222 702 quas
1259 655 1404 688 tenent
1435 651 1481 688 in
1509 654 1672 691 terram.

200 718 256 754 Et
303 717 398 755 dum
445 715 704 766 compleverit
752 716 858 753 scola
904 715 1183 765 antiphonam,
1222 714 1368 751 annuit
1404 713 1591 763 pontifex
1627 717 1676 751 ut

198 780 356 817 dicatur
390 779 513 828 Kyrie
551 778 702 817 eleison.
779 778 835 815 Et
864 777 965 815 dicit
994 778 1101 815 scola
1130 781 1172 814 et
1201 780 1393 825 repetunt
1432 776 1678 825 regionarii²

199 843 268 892 qui
308 845 423 879 stant
467 840 610 878 subtus
648 840 830 880 ambone.
906 840 1017 877 Dum
1055 839 1308 888 repetierunt
1354 838 1487 884 tertio,
1528 839 1677 876 iterum

198 905 347 942 annuit
379 904 567 954 pontifex
604 908 651 941 ut
681 903 842 940 dicatur
876 902 1050 941 Christae
1089 901 1240 940 eleison.
1312 900 1368 938 Et
1401 900 1510 939 dicto
1541 901 1675 948 tertio,

197 969 346 1006 iterum
380 968 526 1004 annuit
556 971 603 1004 ut
637 966 798 1004 dicatur
818 966 932 1004 Kirie
963 965 1112 1002 eleison.
1173 964 1229 1001 Et
1263 964 1359 1001 dum
1389 964 1678 1013 compleverint

200 1043 344 1068 novem
382 1029 548 1075 vicibus,
590 1029 735 1066 annuit
778 1032 826 1065 ut
864 1028 1072 1065 finiantur.
1144 1026 1200 1063 Et
1238 1026 1456 1076 respiciens
1493 1026 1679 1075 pontifex

197 1093 249 1130 ad
286 1092 477 1143 populum
517 1092 617 1129 dicit
659 1091 795 1129 Gloria
833 1091 874 1128 in
912 1089 1069 1128 eoecelsz's
1107 1089 1193 1127 Deo
1236 1093 1278 1126 et
1318 1088 1492 1125 revolvit
1539 1100 1581 1125 se
1626 1089 1679 1126 ad

197 1157 392 1193 orientem
424 1159 466 1192 et
504 1153 663 1191 diaconi
701 1167 792 1191 cum
825 1155 923 1203 ipso,
955 1165 1081 1202 usque
1115 1153 1212 1189 dum
1250 1151 1437 1200 expletur
1473 1149 1608 1188 Gloria
1638 1151 1678 1188 in

198 1218 356 1256 eoecelsis
389 1217 484 1255 Deo.
545 1216 670 1254 Hunc
708 1217 878 1266 expleto,
919 1216 1085 1265 respicit
1122 1214 1313 1265 populum
1351 1217 1394 1250 et
1432 1213 1558 1250 dicit:
1586 1212 1679 1251 Pam

197 1281 307 1318 vobis.
387 1279 697 1330 Respondetur:
746 1278 798 1316 Et
846 1292 927 1316 cum
972 1278 1110 1329 spiritu
1157 1282 1230 1316 tuo.
1307 1275 1467 1313 Deinde
1508 1274 1674 1315 Oramus.

198 1344 407 1380 Leventur
441 1341 608 1379 acolithi
642 1344 891 1378 caereostata
922 1345 963 1378 et
996 1343 1155 1389 ponunt
1186 1352 1233 1376 ea
1265 1341 1361 1375 ante
1394 1338 1536 1384 altare,
1571 1338 1676 1375 sicut

197 1405 380 1443 ordinem
400 1404 564 1441 habent.

284 1467 480 1505 Oracione
529 1466 699 1515 expleta,
742 1465 855 1502 sedet
902 1464 1085 1514 pontifex
1119 1464 1164 1501 in
1202 1463 1295 1500 sede
1333 1476 1405 1500 sua
1442 1466 1484 1499 et
1521 1462 1679 1500 diaconi

200 1534 313 1567 stant
351 1529 446 1566 hinc
484 1532 526 1565 et
564 1527 668 1566 inde.
729 1527 785 1564 Et
822 1527 995 1564 revertit
1035 1526 1140 1563 scola
1171 1526 1315 1563 subtus
1344 1524 1487 1561 tabula
1517 1525 1586 1574 qui
1615 1528 1678 1561 est

199 1594 343 1630 subtus
391 1592 571 1637 ambone,
619 1594 662 1628 et
709 1589 944 1627 subdiaconi
991 1590 1060 1638 qui
1107 1592 1219 1625 stant
1267 1588 1412 1625 subtus
1459 1587 1679 1625 cancellum

201 1655 382 1704 psallunt
422 1655 528 1691 circa
565 1653 695 1690 altare
729 1665 779 1690 ex
817 1656 989 1701 utraque
1027 1655 1155 1701 parte.
1214 1650 1270 1687 Et
1308 1651 1454 1686 annuit
1493 1650 1679 1700 pontifex

199 1721 246 1754 ut
284 1717 453 1754 sedeant
487 1715 716 1753 sacerdotes
753 1716 798 1752 in
834 1714 1097 1765 presbyterio.
1176 1713 1335 1750 Deinde
1373 1713 1522 1763 legitur
1559 1712 1678 1750 lectio

198 1792 222 1815 a
269 1778 513 1816 subdiacono
551 1779 595 1815 in
632 1778 812 1823 ambone,
860 1782 974 1814 stans
991 1774 1006 1796 ³
1053 1777 1097 1813 in
1133 1776 1307 1813 medium
1355 1776 1404 1812 de
1450 1775 1567 1822 scola,
1606 1779 1679 1812 aut

198 1839 396 1878 acolithus
434 1839 591 1889 planita
630 1843 672 1877 et
709 1839 857 1888 accipit
905 1839 1131 1876 cantorium
1170 1842 1212 1876 et
1250 1837 1389 1887 psallit
1427 1838 1471 1874 in
1508 1837 1679 1875 ambone

198 1907 240 1940 et
261 1903 359 1940 dicit
380 1903 674 1952 responsorium
691 1915 702 1950 3
731 1902 915 1939 simfliter
935 1905 977 1938 et
997 1901 1099 1938 alius
1120 1900 1307 1938 Alleluia.

283 1964 374 2002 Hoc
411 1965 585 2014 expleto,
618 1964 791 2001 inclinat
821 1977 863 2001 se
897 1964 1088 2001 diaconus
1127 1964 1178 2001 ad
1211 1964 1452 2014 pontificem,
1485 1966 1527 2001 et
1562 1963 1679 2012 jubet

199 2028 385 2079 pontifex
416 2033 463 2065 ut
495 2028 652 2077 legatur
685 2028 965 2077 evangelium,
993 2032 1035 2065 et
1063 2027 1179 2065 vadit
1202 2026 1254 2064 ad
1285 2027 1429 2073 altare,
1451 2030 1493 2064 et
1523 2026 1679 2063 osculat

264 2198 274 2216 ¹
298 2197 352 2229 On
371 2196 556 2235 condition,
579 2196 608 2228 it
631 2197 723 2227 must
745 2195 787 2227 be
813 2194 1030 2234 understood,
1053 2195 1132 2227 that
1152 2195 1212 2227 the
1240 2195 1380 2227 Church
1402 2195 1501 2226 lends
1524 2195 1624 2227 itself
1643 2199 1679 2228 to

199 2247 270 2279 this
292 2248 507 2279 orientation.
562 2246 649 2278 This
673 2247 702 2277 is
726 2245 786 2277 the
810 2256 886 2277 case
906 2246 991 2277 with
1019 2246 1079 2277 the
1104 2249 1171 2278 two
1195 2247 1355 2278 basilicas
1380 2246 1418 2277 of
1442 2246 1502 2277 the
1527 2246 1678 2278 Lateran

199 2299 267 2330 and
282 2299 342 2330 the
358 2299 518 2338 Vatican,
532 2298 594 2330 but
610 2300 669 2329 not
685 2298 770 2329 with
786 2297 883 2329 those
903 2298 940 2328 of
963 2297 1070 2329 Santa
1089 2298 1202 2329 Maria
1222 2297 1412 2338 Maggior'e‚
1429 2296 1478 2328 St.
1494 2295 1593 2334 Paul,
1609 2297 1678 2329 and

199 2360 302 2391 many
318 2350 441 2381 others.

264 2401 277 2418 ²
300 2401 375 2432 The
391 2401 719 2442 region—defendere.
768 2402 770 2406 '

264 2453 276 2471 ³
300 2453 375 2484 The
391 2455 466 2485 text
486 2453 517 2484 15
539 2453 620 2484 here
636 2454 780 2493 corrupt.
827 2451 879 2483 Of.
896 2452 956 2483 the
983 2453 1070 2485 Orclo
1092 2452 1130 2484 of
1149 2452 1335 2484 Mabillon:
1359 2452 1587 2484 Subdiaconus
1603 2476 1612 2485 .
1634 2476 1645 2487 .
1665 2477 1676 2487 .

199 2506 346 2537 ascendit
382 2507 420 2537 in
449 2506 615 2537 ambonem
653 2508 683 2536 et
717 2505 802 2546 leyit.
860 2504 1041 2545 Postquam
1078 2505 1200 2546 Zeyerit,
1230 2506 1343 2535 cantor
1380 2515 1454 2535 cum
1492 2506 1677 2536 cantatorio

199 2556 347 2587 ascendit
369 2559 398 2587 et
421 2556 504 2587 dicit
527 2566 726 2598 responsum.
771 2555 813 2586 In
836 2565 897 2586 our
919 2557 995 2586 text
1018 2565 1108 2586 some
1124 2555 1232 2587 words
1255 2565 1312 2586 are
1335 2555 1506 2595 wanting;
1531 2554 1549 2584 I
1572 2554 1676 2585 think

199 2608 277 2639 that
300 2608 360 2640 the
384 2612 501 2640 cantor
516 2619 585 2640 was
605 2609 687 2639 here
709 2607 890 2650 requested
905 2610 940 2638 to
962 2610 1026 2648 put
1049 2607 1099 2638 off
1118 2607 1174 2639 his
1196 2608 1336 2648 planeta
1358 2607 1471 2638 before
1494 2606 1674 2646 mounting

200 2659 259 2692 the
275 2660 379 2692 ambo„
