1747 3121
539 198 624 228 THE·
655 198 872 229 GALLIGAN
903 198 1026 229 MAss.
1436 191 1518 231 223

55 300 108 341 he
139 299 377 353 employed,
401 313 445 340 as
477 299 663 340 attested
693 299 751 352 by
774 299 833 342 St.
859 299 1065 340 Caesarius
1096 299 1143 340 of
1168 299 1327 350 Arles,1
1358 301 1395 342 is
1427 302 1520 343 still

55 367 158 408 used
204 368 250 407 in
289 367 362 408 the
403 367 646 408 Mozarabic
685 368 789 409 rite:
831 366 1069 409 Humiliate
1110 382 1176 410 vos
1217 370 1520 411 benedictioni!

55 436 154 476 This
175 436 211 476 is
233 436 305 477 the
323 440 594 489 counterpart
617 436 662 476 of
679 437 752 477 the
775 437 915 478 Greek
936 437 1196 491 formulary:
1229 438 1314 486 Τὰς
1337 437 1520 493 κεφαλὰς

55 504 171 557 ἡμῶν
193 505 259 558 Τῷ
284 506 424 559 Κυρίῳ
441 503 647 557 κλίυωμεν
665 507 671 544 1
719 504 845 545 After
860 505 933 546 the
951 505 1148 559 ordinary
1163 504 1426 556 salutation,2
1446 507 1520 548 the

54 571 204 625 bishop
234 585 496 625 pronounces
528 586 552 612 a
585 572 774 627 blessing
804 574 849 614 in
882 574 1046 615 several
1078 580 1311 625 sentences,
1344 580 1388 617 to
1415 575 1518 617 each

55 639 99 680 of
117 639 255 681 which
283 641 355 682 the
377 642 676 696 congregation
697 643 833 696 reply‚
855 643 1005 685 Amen.

126 825 230 869 Deus⁷
245 824 304 870 qui
315 825 507 859 adventum
519 828 601 859 tuae
616 825 807 871 majestatis
825 837 887 872 per
900 826 1064 871 angelum
1078 826 1304 862 Gabrihelem
1318 828 1518 874 priusquam

57 880 289 916 descenderes
306 880 468 914 nuntiare
483 880 627 925 jussisti,

124 936 189 977 Qui
215 936 398 981 dignanter
422 936 513 970 intra
538 936 692 971 humana
710 937 844 972 viscera
869 936 1055 982 ingressus,
1075 949 1120 972 ex
1146 937 1226 973 alvo
1245 938 1387 984 virginis
1411 939 1517 974 hodie

54 1004 91 1028 es
108 992 238 1026 mundo
256 991 474 1035 clarificatus,

123 1047 189 1090 Tu,
206 1047 368 1091 Domine,
385 1046 530 1081 benedic
556 1046 647 1081 hanc
666 1047 833 1082 familiam
858 1051 967 1093 tuam,
986 1060 1092 1093 quam
1117 1049 1288 1084 hodierna
1315 1049 1519 1085 solemnitas

53 1103 87 1137 in
106 1102 261 1137 adventu
278 1106 337 1137 tuo
355 1102 438 1137 fecit
454 1102 606 1147 gaudere
621 1116 629 1146 ;

122 1159 175 1193 Da
201 1169 323 1204 pacem
349 1158 477 1203 populo
503 1163 574 1202 tuo,
594 1170 699 1203 quem
724 1159 877 1204 pretiosa
896 1159 1081 1193 nativitate
1102 1159 1257 1194 vivificas
1285 1164 1321 1194 et
1347 1161 1518 1207 passionis

53 1214 238 1250 tolerantia
254 1227 275 1249 a
291 1220 403 1249 morte
420 1219 590 1261 perpetua
610 1216 787 1251 redemisti
804 1231 812 1259 ;

123 1270 251 1305 Tribue
277 1271 326 1305 eis
353 1271 395 1305 de
421 1271 582 1306 thesauro
608 1275 669 1306 tuo
696 1271 926 1306 indeficientis
952 1272 1089 1306 divitias
1115 1272 1302 1318 bonitatis3
1341 1273 1435 1319 reple
1460 1286 1519 1310 eos

52 1325 208 1369 scientia,
226 1330 266 1361 ut
290 1326 478 1372 impollutis
496 1326 634 1361 actibus
652 1329 686 1361 et
711 1338 797 1372 puro
816 1327 920 1361 corde
939 1330 1129 1372 sequantur
1146 1332 1180 1362 te
1210 1328 1335 1364 ducem
1350 1330 1518 1375 justitiae,

52 1392 155 1426 quem
173 1393 273 1416 suum
288 1385 504 1427 cognoscunt
520 1381 686 1416 factorem
702 1395 709 1425 ;

127 1436 173 1471 Et
199 1437 289 1471 sicut
321 1437 356 1471 in
384 1436 506 1471 diebus
535 1436 602 1471 illis
632 1436 879 1471 advenientem
906 1440 941 1472 te
971 1438 1005 1472 in
1033 1437 1164 1473 mundo
1193 1439 1339 1484 perfidia
1368 1440 1519 1477 Herodis

54 1491 197 1538 expavit
214 1496 249 1527 et
265 1492 369 1538 periit
384 1504 448 1527 rex
464 1492 592 1538 impius
606 1504 626 1526 a
636 1492 726 1527 facie
744 1492 835 1537 regis
853 1493 981 1537 magni,
1000 1493 1050 1528 ita
1064 1506 1156 1529 nunc
1170 1495 1345 1540 praesenti
1362 1499 1518 1543 tempore

54 1547 229 1583 celebrata
246 1548 447 1583 solemnitas
463 1552 689 1594 peccatorum
706 1552 904 1582 nostrorum
925 1548 1038 1583 vincla
1057 1549 1244 1594 dissolvat;

124 1604 175 1639 Ut
199 1615 279 1639 cum
304 1604 430 1638 iterum
456 1604 500 1638 ad
522 1603 755 1648 judicandum
772 1603 919 1648 veneris,
940 1603 1054 1638 nullus
1077 1616 1121 1638 ex
1146 1605 1245 1639 nobis
1263 1610 1344 1640 ante
1369 1607 1518 1643 tribunal

54 1663 154 1693 tuum
188 1671 266 1694 reus
294 1664 483 1705 appareat;
518 1659 579 1694 sed
607 1658 764 1693 discussa
792 1658 835 1693 de
864 1659 1064 1704 pectoribus
1090 1660 1218 1695 nostris
1245 1660 1392 1706 caligine
1421 1666 1519 1698 tene-

54 1713 203 1759 brarum,
223 1714 423 1760 placeamus
441 1713 646 1760 conspectui
671 1717 731 1747 tuo
751 1717 786 1748 et
811 1715 1059 1759 perveniamus
1084 1715 1129 1749 ad
1154 1715 1249 1750 illam
1266 1719 1394 1751 terram
1413 1729 1517 1762 quam

54 1770 165 1805 sancti
185 1770 236 1805 tui
253 1770 288 1804 in
306 1770 460 1815 requiem
479 1771 707 1817 possidebunt
725 1774 917 1806 aeternam.

141 1955 228 1995 The
260 1954 479 2008 following
510 1955 628 1995 short
659 1955 892 2008 formulary
918 1954 982 1995 for
1013 1954 1085 1995 the
1117 1968 1191 1995 use
1222 1955 1267 1995 of
1295 1955 1446 2009 priests
1481 1957 1518 1998 is

54 2023 198 2071 found,
214 2022 368 2063 almost
382 2036 427 2063 as
446 2023 504 2065 St.
522 2023 722 2064 Germain
738 2023 857 2077 gives
871 2023 918 2074 it,
933 2022 977 2062 in
992 2023 1065 2064 the
1083 2023 1194 2064 Irish
1213 2024 1352 2065 Stovve
1367 2025 1518 2066 Missa]

56 2092 139 2132 and
164 2091 209 2131 in
231 2091 305 2132 the
326 2091 584 2133 Ambrosian
605 2093 795 2147 Liturgy.
858 2092 945 2133 The
969 2091 1106 2132 Stowe
1129 2090 1310 2133 Missal3
1337 2092 1472 2133 has—

125 2246 201 2279 Pax
219 2248 254 2278 et
272 2245 398 2279 caritas
416 2244 549 2278 domini
566 2244 676 2279 nostri
701 2244 722 2279 J
727 2256 805 2279 esus
823 2244 952 2278 Christi
977 2247 1012 2278 et
1030 2243 1299 2279 communicatio
1317 2248 1516 2281 sanctorum

54 2300 209 2335 omnium
228 2300 273 2334 sit
291 2311 429 2345 semper
445 2299 638 2335 nobiscum.

119 2445 128 2463 ¹
153 2447 171 2460 ‘⁴
184 2444 288 2485 Rogo,
312 2445 443 2483 fratres,
468 2445 601 2486 quoties
624 2445 808 2476 clamatum
832 2445 936 2476 fuerit
961 2446 999 2476 ut
1022 2455 1074 2475 vos
1100 2444 1314 2477 benedictioni
1340 2447 1517 2479 humiliare

54 2496 215 2535 debeatis,
239 2507 306 2527 non
329 2497 422 2528 vobis
453 2497 497 2528 sit
528 2496 729 2527 laboriosum
754 2497 868 2537 capita
898 2496 1074 2535 inclinare,
1098 2497 1180 2537 quia
1204 2507 1269 2528 non
1293 2497 1432 2536 homini,
1457 2498 1515 2530 sed

55 2547 128 2578 Deo
144 2547 337 2579 humiliatis
348 2548 366 2561 ''
383 2548 490 2588 (Aug.
508 2558 615 2585 serm„
632 2548 705 2584 285,
723 2547 784 2578 No.
802 2548 846 2587 2).

117 2598 129 2615 ²
154 2597 357 2629 Mozarabic.

118 2652 130 2670 ³
154 2651 305 2689 Warren,
323 2653 376 2683 loc.
395 2653 461 2690 cit„
477 2663 506 2692 p.
525 2652 597 2683 242.
