1747 3121
234 194 317 236 358
377 205 612 237 CHRISTIAN
644 206 869 237 WORSHIP:
900 205 969 236 ITS
1000 205 1151 237 ORIGIN
1182 207 1274 237 AND
1304 206 1561 238 EVOLUTION.

318 309 617 365 Invitatory—

302 424 460 469 Oremus,
495 422 725 468 dilectissimi,
761 423 880 458 Deum
912 423 1058 459 Patrem
1092 424 1385 471 omnipotentem,
1417 428 1459 460 ut
1498 436 1604 472 super
1642 424 1710 460 hos

229 478 379 515 famulos
397 490 477 514 suos
501 490 588 524 quos
605 478 651 513 ad
674 478 886 524 presbyterii
912 491 1041 514 munus
1059 479 1166 526 elegit
1191 480 1360 515 caelestia
1377 480 1470 516 dona
1486 479 1709 528 multiplicet,

229 535 357 582 quibus
374 535 469 581 quod
485 535 560 580 ejus
578 534 781 580 dignatione
798 535 995 582 suscipiunt
1013 534 1088 581 ejus
1107 539 1344 582 exsequantur
1360 535 1506 572 auxilio.

314 694 487 751 Litaozy.

315 866 542 921 Prayer—

297 986 436 1021 Exaudi
462 996 536 1031 nos,
566 985 664 1021 Deus
690 984 853 1021 salutaris
878 989 1009 1030 noster,
1035 989 1072 1021 et
1096 997 1201 1032 super
1229 985 1294 1020 hos
1320 985 1470 1021 famulos
1496 989 1576 1022 tuos
1599 986 1711 1022 bene-

226 1043 419 1078 dictionem
436 1041 549 1077 sancti
576 1041 726 1087 Spiritus
750 1045 786 1075 et
809 1041 942 1085 gratiae
957 1040 1183 1076 sacerdotalis
1200 1041 1340 1076 effunde
1357 1041 1535 1086 virtutem,
1554 1045 1594 1076 ut
1617 1053 1704 1088 quos

226 1105 307 1135 tuae
341 1100 480 1146 pietatis
513 1099 714 1145 aspectibus
755 1098 932 1133 offerimus
967 1099 1225 1134 consecrandos
1265 1101 1436 1144 perpetua
1467 1098 1623 1134 muneris
1656 1097 1709 1133 tui

228 1155 389 1200 largitate
407 1153 640 1201 prosequaris.

314 1324 579 1367 Eucharistic
601 1326 824 1378 Po'ayer—

297 1446 391 1481 Vere
406 1446 562 1491 dignum.
583 1472 591 1481 .
610 1473 619 1482 .
638 1472 647 1480 .
691 1446 798 1490 Deus,
811 1446 986 1481 honorum
999 1446 1156 1481 omnium
1169 1449 1205 1481 et
1220 1446 1376 1482 omnium
1390 1446 1603 1493 dignitatum
1618 1459 1708 1494 quae

224 1503 287 1538 tibi
313 1503 467 1537 militant
492 1502 705 1547 distributor,
724 1514 787 1548 per
813 1513 917 1547 quem
942 1502 1131 1548 proficiunt
1155 1502 1331 1548 universa,
1357 1514 1420 1549 per
1446 1515 1552 1549 quem
1577 1507 1707 1540 cuncta

224 1560 417 1605 firmantur,
436 1558 662 1604 amplificatis
687 1569 827 1604 semper
852 1558 889 1593 in
913 1558 1039 1593 melius
1064 1562 1212 1593 naturae
1237 1558 1453 1594 rationabilis
1478 1559 1706 1595 incrementis

223 1627 287 1662 per
311 1615 470 1650 ordinem
496 1626 650 1659 congrua
675 1614 812 1649 ratione
839 1613 1060 1660 dispositum.
1121 1614 1227 1650 Unde
1252 1614 1490 1650 sacerdotales
1514 1614 1644 1661 gradus
1670 1617 1706 1650 et

224 1671 338 1707 officia
369 1670 557 1705 levitarum
598 1669 828 1705 sacramentis
869 1669 1030 1714 mysticis
1079 1669 1240 1704 instituta
1281 1674 1495 1705 creverunt:
1543 1673 1584 1705 ut
1624 1681 1706 1706 cum

223 1727 407 1773 pontifices
441 1737 598 1761 summos
630 1725 794 1771 regendis
834 1725 973 1771 populis
1013 1725 1251 1770 praefecisses,
1282 1725 1328 1760 ad
1369 1737 1492 1761 eorum
1525 1726 1705 1761 societatis

224 1788 260 1818 et
300 1781 416 1828 operis
445 1782 691 1826 adjumentum
725 1780 905 1826 sequentis
949 1780 1080 1815 ordinis
1113 1780 1207 1815 viros
1242 1785 1278 1816 et
1315 1781 1492 1816 secundae
1526 1781 1707 1826 dignitatis

224 1842 381 1887 eligeres.
435 1840 493 1876 Sic
510 1840 548 1874 in
566 1851 684 1875 eremo
702 1850 764 1885 per
782 1838 1004 1885 septuaginta
1020 1839 1178 1873 virorum
1203 1839 1419 1886 prudentum
1436 1843 1574 1875 mentes
1590 1839 1707 1886 Moysi

223 1901 383 1947 spiritum
409 1898 630 1946 propagasti;
657 1898 782 1944 quibus
800 1898 856 1932 ille
875 1898 1095 1943 adjutoribus
1113 1909 1197 1932 usus
1214 1898 1251 1932 in
1275 1899 1421 1945 populo,
1436 1898 1709 1934 innumerabiles

222 1956 465 1992 multitudines
491 1955 591 1990 facile
618 1953 839 1999 gubernavit.
892 1953 950 1988 Sic
976 1953 1013 1987 in
1041 1953 1209 1988 Eleazaro
1236 1957 1273 1988 et
1305 1953 1462 1988 Ithamar
1487 1952 1567 1988 filiis
1586 1953 1709 1989 Aaron

222 2017 388 2059 paternae
412 2010 641 2056 plenitudinis
667 2009 923 2044 abundantiam
948 2008 1180 2053 transfudisti,
1199 2012 1240 2042 ut
1267 2008 1314 2042 ad
1331 2008 1465 2043 hostias
1481 2008 1653 2043 salutares
1671 2012 1708 2044 et

222 2067 466 2113 frequentioris
496 2065 602 2100 officii
643 2068 866 2100 sacramenta
901 2065 1077 2099 sufficeret
1119 2064 1285 2098 meritum
1319 2064 1556 2099 sacerdotum.
1623 2065 1704 2101 Hac

222 2122 454 2168 providentia,
481 2121 645 2165 Domine,
672 2120 853 2166 Apostolis
878 2119 960 2154 Filii
985 2119 1036 2154 tui
1062 2120 1234 2153 Doctores
1259 2118 1340 2154 fidei
1364 2119 1510 2154 comites
1527 2119 1703 2164 addidisti,

223 2179 349 2225 quibus
366 2178 416 2212 illi
434 2177 554 2212 orbem
564 2180 679 2212 totum
692 2175 855 2211 secundis
872 2174 1172 2220 praedicatoribus
1189 2173 1436 2219 impleverunt.
1485 2173 1704 2221 Quapropter

222 2234 418 2271 infirmitati
442 2244 583 2279 quoque
608 2235 758 2276 nostrae,
786 2231 949 2274 Domine,
975 2241 1199 2276 quaesumus,
1225 2229 1312 2264 haec
1336 2229 1541 2274 adjumenta
1565 2230 1703 2276 largire,

221 2289 280 2335 qui
313 2293 447 2335 quanto
474 2288 586 2333 magis
611 2287 805 2333 fragiliores
833 2297 954 2321 sumus
982 2289 1082 2320 tanto
1112 2285 1168 2320 his
1196 2285 1354 2331 pluribus
1380 2285 1588 2331 indigemus.
1637 2287 1704 2333 Da,

222 2357 447 2392 quaesumus,
475 2345 592 2389 Pater,
621 2344 658 2379 in
684 2344 749 2379 hos
779 2343 931 2378 famulos
958 2347 1039 2378 tuos
1069 2341 1277 2388 presbyterii
1304 2341 1537 2387 dignitatem3
1573 2343 1704 2378 innova

222 2403 258 2437 in
284 2403 478 2438 visceribus
505 2412 628 2436 eorum
652 2400 813 2446 spiritum
838 2398 1060 2442 sanctitatis3
1097 2401 1286 2443 acceptum
1312 2408 1334 2431 a
1356 2401 1401 2441 te,
1425 2396 1535 2440 Deus,
1558 2397 1703 2433 secundi

222 2458 339 2492 meriti
379 2468 508 2491 munus
543 2455 737 2500 obtineant,
773 2464 1031 2499 censuramque
1065 2464 1205 2488 morum
1238 2451 1402 2498 exemplo
1436 2463 1522 2488 suae
1556 2463 1704 2488 conver-

222 2511 367 2547 sationis
385 2511 575 2546 insinuent.
626 2510 705 2545 Sint
729 2509 829 2555 probi
846 2512 1093 2555 cooperatores
1112 2507 1243 2542 ordinis
1260 2507 1371 2542 nostri
1384 2520 1395 2549 ;
1424 2508 1566 2543 eluceat
1590 2508 1626 2543 in
1651 2509 1703 2544 eis

221 2566 328 2602 totius
359 2566 472 2601 forma
504 2565 673 2611 justitiae,
707 2568 747 2599 ut
779 2565 911 2599 bonam
944 2563 1119 2598 rationem
1153 2562 1421 2608 dispensationis
1453 2563 1519 2598 sibi
1544 2563 1700 2599 creditae

221 2621 390 2656 reddituri
406 2625 571 2656 aeternae
588 2618 816 2655 beatitudinis
833 2618 990 2664 praemia
1007 2621 1278 2664 consequantur.
