1747 3121
193 216 278 259 492
817 228 1049 263 APPENDIX.

190 330 331 372 present
347 327 452 371 work,
476 328 568 363 Dom
592 329 758 364 Femand
783 329 909 365 Oabrol
935 328 1000 366 has
1023 331 1211 377 published
1231 344 1277 367 an
1298 333 1504 380 interesting
1520 335 1666 371 treatise

190 393 236 417 on
252 382 312 418 the
336 382 430 418 book
456 384 496 418 of
515 383 633 428 Silvia,
657 384 806 420 entitled
828 387 893 422 Les
912 389 1047 433 Eylises
1073 388 1114 422 de
1130 389 1341 432 Je'rusalem,
1358 390 1396 425 za
1413 390 1616 437 Discipline
1631 396 1664 427 et

190 438 226 472 Ia
245 438 408 484 Lituryie
425 452 474 474 au
496 440 701 482 Quatribme
721 441 839 477 Sieele.
889 443 997 486 Paris⁷
1018 442 1120 479 1895.

904 652 940 693 Ι.

745 762 884 800 DAILY
914 762 1099 800 OFans.

815 877 848 915 1.
880 876 1036 914 Malim.

265 974 328 1012 Ut
346 979 483 1012 autem
503 976 625 1013 sciret
647 975 806 1013 affectio
825 979 961 1013 vestra
985 988 1086 1025 quae
1114 975 1294 1025 operatio
1323 976 1492 1026 singulis
1518 977 1660 1016 diebus

175 1033 324 1071 cotidie
343 1033 387 1069 in
410 1032 506 1070 locis
529 1033 681 1069 sanctis
710 1033 921 1079 habeatur,
942 1037 1073 1070 certas
1099 1046 1168 1071 vos
1195 1034 1326 1072 facere
1356 1035 1476 1073 debui
1489 1050 1500 1084 ;
1527 1038 1657 1075 sciens

174 1097 268 1146 quia
287 1096 464 1132 libenter
483 1095 687 1132 haberetis
708 1095 806 1132 haec
826 1108 1072 1145 cognoscere.

254 1157 363 1195 Nam
410 1158 578 1207 singulis
621 1157 772 1204 diebus,
815 1162 912 1195 ante
958 1159 1160 1208 pullorum
1204 1164 1377 1207 cantum,
1419 1162 1658 1211 aperiuntur

173 1221 306 1258 omnia
343 1220 477 1258 hostia
514 1221 744 1267 Anastasis,
786 1225 827 1258 et
866 1221 1111 1259 descendent
1148 1235 1285 1260 omnes
1322 1229 1578 1262 monazontes
1615 1230 1658 1263 et

172 1283 407 1333 pmthenae,
457 1287 504 1320 ut
551 1283 615 1321 hic
663 1283 805 1321 dicunt
821 1300 832 1333 3
880 1288 922 1321 et
969 1298 1051 1322 non
1095 1286 1222 1323 solum
1270 1286 1339 1332 hii,
1379 1287 1447 1324 sed
1485 1292 1527 1325 et
1565 1288 1658 1326 laici

172 1350 308 1395 preter
341 1347 419 1383 viri
457 1351 530 1383 aut
561 1346 762 1394 mulieres,
794 1347 862 1396 qui
892 1351 1031 1384 tamen
1064 1348 1207 1385 volunt
1244 1351 1443 1387 maturius
1472 1350 1656 1400 vigilare.

177 1412 233 1449 Et
278 1424 329 1449 ex
375 1424 422 1448 ea
467 1411 566 1448 hora
603 1424 728 1461 usque
765 1412 809 1448 in
846 1412 973 1449 lucem
1013 1409 1232 1448 dicuntur¹
1271 1412 1392 1461 ymni,
1433 1414 1475 1449 et
1512 1413 1655 1463 psalmi

174 1474 485 1524 responduntur,
523 1475 708 1512 simih'ter
741 1478 782 1511 et
814 1473 1060 1523 antiphonae
1074 1487 1084 1521 3
1112 1478 1154 1511 et
1185 1478 1276 1511 cata
1306 1474 1483 1524 singulos
1512 1488 1654 1525 ymnos

174 1538 223 1574 fit
248 1537 388 1575 oratio.
447 1536 555 1573 Nam
581 1537 805 1586 presbyteri
830 1537 916 1573 bini
941 1537 1005 1573 vel
1031 1537 1150 1582 terni,
1173 1536 1360 1574 similiter
1384 1541 1427 1574 et
1453 1537 1650 1584 diacones,

174 1600 342 1650 singulis
381 1599 520 1636 diebus
553 1599 658 1636 vices
696 1598 849 1636 habent
887 1599 1005 1635 simul
1035 1612 1124 1636 cum
1155 1603 1424 1645 monazontes,
1458 1600 1527 1650 qui
1560 1604 1651 1637 cata

173 1663 350 1712 singulos
386 1675 528 1712 ymnos
558 1663 622 1699 vel
660 1661 902 1711 antiphonas
940 1662 1142 1699 orationes
1177 1661 1330 1700 dicunt.
1388 1661 1417 1699 J
1419 1675 1483 1699 am
1513 1666 1650 1701 autem

172 1726 242 1762 ubi
276 1726 449 1774 coeperit
481 1725 687 1771 lucescere,
722 1732 820 1762 tunc
854 1725 1056 1773 incipiunt
1085 1724 1310 1759 matutinos
1340 1736 1481 1772 ymnos
1512 1724 1653 1761 dicere.

174 1787 276 1824 Ecce
314 1792 356 1825 et
394 1789 627 1837 supervenit
661 1788 867 1837 episcopus
902 1800 991 1824 cum
1024 1787 1141 1830 clero,
1177 1790 1219 1822 et
1252 1786 1393 1822 statim
1427 1786 1656 1836 ingreditur

178 1851 286 1887 intro
315 1850 512 1899 spelunca,
546 1853 588 1885 et
618 1848 667 1885 de
697 1848 806 1885 intro
844 1847 1040 1884 cancellos
1077 1847 1250 1896 primum
1289 1846 1396 1884 dicet
1433 1848 1655 1886 orationem

177 1925 249 1963 pro
285 1912 497 1958 omnibus3
535 1914 816 1947 commemorat
854 1910 978 1947 etiam
1017 1910 1100 1958 ipse
1137 1909 1298 1945 nomina
1344 1921 1511 1958 quorum
1540 1910 1631 1947 vult
1644 1923 1656 1957 ς

177 1976 232 2012 sic
258 1974 467 2012 benedicet
494 1972 802 2010 cathecuminos.
861 1972 967 2009 Item
994 1971 1100 2009 dicet
1124 1972 1347 2009 orationem
1374 1975 1416 2008 et
1441 1972 1652 2010 benedicet

177 2038 325 2075 fideles.
384 2036 439 2073 Et
484 2040 576 2085 post
621 2035 704 2080 hoc,
746 2039 921 2072 exeunte
969 2035 1149 2084 episcopo
1192 2034 1241 2070 de
1288 2034 1398 2070 intro
1444 2034 1649 2082 cancellos,

177 2112 311 2138 omnes
338 2098 388 2134 ad
413 2110 576 2134 manum
606 2098 642 2134 ei
669 2097 889 2142 accedunt3
919 2101 960 2133 et
986 2097 1054 2133 ille
1080 2108 1145 2133 eos
1168 2108 1249 2132 uno
1272 2100 1314 2132 et
1336 2107 1417 2133 uno
1439 2095 1650 2134 benedicet

177 2163 312 2199 exiens
329 2162 424 2209 jam,
446 2173 492 2197 ac
512 2160 567 2196 sic
587 2160 634 2196 fit
655 2160 785 2205 missa,
802 2160 886 2208 jam
907 2159 1005 2196 luce.

701 2305 735 2341 2.
766 2303 856 2342 Seaet
886 2304 963 2341 and
992 2303 1109 2341 Novne.

256 2402 361 2439 Item
388 2401 486 2439 hora
514 2405 630 2438 sexta
659 2400 788 2437 denuo
818 2400 1060 2437 descendent
1089 2412 1223 2437 omnes
1243 2400 1427 2436 simfliter
1446 2400 1498 2437 ad
1517 2401 1648 2438 Anas-

175 2464 308 2510 tasim,
347 2468 389 2501 et
428 2463 618 2500 dicuntur
655 2463 799 2512 psalmi
836 2467 878 2500 et
915 2462 1170 2512 antiphonae,
1210 2461 1336 2499 donec
1375 2466 1649 2500 commonetur

240 2593 250 2611 ¹
274 2592 327 2624 On
350 2592 422 2623 this
444 2602 597 2633 passage,
613 2602 669 2623 see
692 2592 808 2630 above,
823 2602 878 2632 pp.
896 2592 968 2630 115,
985 2592 1059 2629 452,
1074 2593 1153 2622 note
1170 2592 1198 2622 1.
1248 2589 1323 2621 The
1339 2590 1430 2622 word
1452 2593 1546 2632 ymni
1567 2591 1647 2624 does

174 2646 233 2676 not
262 2653 361 2675 mean
391 2654 411 2675 a
441 2644 596 2675 metrica]
625 2643 751 2684 hymn;
784 2643 812 2675 it
842 2643 872 2674 is
901 2642 962 2674 the
991 2652 1084 2673 same
1113 2641 1216 2683 thing
1245 2651 1283 2673 as
1312 2641 1422 2682 psalm
1445 2652 1482 2674 or
1507 2642 1646 2674 biblical

174 2695 330 2727 canticle.
377 2694 428 2726 Cf.
444 2705 475 2735 p.
495 2696 567 2733 174,
582 2697 661 2726 note
677 2697 706 2726 1.
