1747 3121
389 190 707 222 PEREGRINATIO
738 191 955 223 ETHERIAE
987 182 1203 238 (SILVIAE).
1452 189 1534 230 521

66 308 137 333 nec
164 309 245 334 non
273 296 395 334 etiam
416 296 465 335 de
494 297 574 335 fide
602 298 774 336 audistis
790 312 802 346 3
842 298 1014 336 audistis
1043 300 1166 337 etiam
1195 304 1237 338 et
1266 300 1315 339 de
1343 315 1538 340 resurrec-

64 358 174 396 tione
193 359 335 405 carnis,
366 359 435 396 sed
460 364 502 397 et
535 361 683 409 singuli
702 373 858 398 omnem
879 362 1088 408 rationem,
1111 366 1160 400 ut
1177 364 1370 412 potuistis
1398 369 1537 402 tamen

65 420 195 458 adhuc
228 422 467 459 catecumini
505 422 644 460 audire
657 436 669 470 3
714 424 882 460 verbum
921 427 1056 461 autem
1087 437 1188 474 quae
1218 428 1315 462 sunt
1354 427 1538 476 mysterii

63 482 230 529 albioris,
268 484 309 520 id
348 488 410 521 est
439 484 563 533 ipsius
601 485 800 534 baptismi,
833 486 903 535 qui
931 486 1062 523 adhuc
1092 487 1362 525 cathecumini
1396 489 1537 526 audire

62 557 143 582 non
169 546 338 595 potestis
351 559 363 594 3
391 550 432 583 et
458 560 509 584 ne
535 548 738 584 extimetis
767 547 919 597 aliquid
949 548 1035 585 sine
1064 550 1223 588 ratione
1252 551 1353 596 fieri,
1375 564 1464 588 cum
1493 552 1537 588 in

62 607 222 644 nomine
260 607 339 645 Dei
376 608 592 657 baptidiati
620 609 791 656 fueritis,
831 622 902 659 per
939 614 1029 648 octo
1068 611 1152 648 dies
1190 613 1408 661 paschales,
1446 618 1537 663 post

62 669 182 706 missa
231 669 342 707 facta
391 670 440 707 de
490 671 668 717 ecclesia,
714 672 757 708 in
807 672 1009 710 Anastase
1053 673 1240 712 audietis.
1299 674 1377 720 Qui
1406 675 1537 714 adhuc

62 732 331 771 cathecumini
365 734 473 779 estiS,
505 734 688 771 misteria
719 734 798 772 Dei
840 736 1055 774 secretiora
1087 736 1165 774 dici
1199 738 1311 775 vobis
1337 751 1419 776 non
1448 751 1536 789 pos-

62 795 194 834 sunt.''

541 1029 576 1067 5ς
608 1027 746 1077 Mysiis
780 1027 1045 1078 Oateclaisz'nqs.

142 1144 239 1182 Post
269 1148 407 1182 autem
440 1145 626 1182 venerint
661 1145 745 1182 dies
784 1144 972 1191 Paschae,
1007 1158 1080 1195 per
1112 1146 1202 1184 illos
1235 1152 1324 1186 octo
1359 1149 1451 1196 dics,
1494 1150 1535 1188 id

61 1212 123 1246 est
141 1221 165 1245 a
184 1207 337 1245 Pascha
355 1220 480 1257 usque
499 1208 550 1245 acl
569 1211 743 1254 octavas„
767 1208 1097 1257 quemadmodum
1126 1210 1245 1247 missa
1272 1211 1382 1248 facta
1410 1212 1535 1250 fuerit

61 1269 110 1308 de
140 1270 305 1307 ecclesia
343 1273 385 1306 et
422 1270 507 1307 itur
545 1282 635 1308 cum
672 1271 803 1319 ymnis
832 1269 885 1307 ad
922 1270 1137 1318 Anastase,
1177 1286 1270 1310 mox
1306 1274 1355 1311 fit
1392 1276 1534 1323 oratio,

61 1333 356 1370 benedicuntur
392 1331 543 1379 fideles,
583 1336 625 1369 et
663 1336 747 1369 stat
786 1333 990 1382 episcopus
1019 1333 1253 1372 incumbens
1283 1336 1327 1373 in
1359 1338 1534 1376 cancello

60 1396 262 1441 interiore,
283 1395 352 1445 qui
380 1398 442 1431 est
470 1395 513 1431 in
539 1395 729 1444 spelunca
755 1395 984 1441 Anastasis,
1006 1399 1047 1432 et
1076 1401 1249 1445 exponet
1278 1399 1411 1435 omnia
1432 1412 1533 1449 quae

61 1462 239 1508 aguntur
276 1458 320 1494 in
367 1457 578 1506 baptismo.
655 1457 735 1494 Illa
772 1458 878 1494 enim
916 1457 1014 1495 hora
1061 1459 1361 1498 cathecuminus
1400 1462 1535 1499 nullus

61 1520 221 1558 accedet
264 1519 316 1556 ad
359 1519 587 1557 Anastase:
631 1523 796 1557 tantum
837 1520 977 1558 neofiti
1021 1524 1062 1558 et
1108 1521 1246 1559 fideles
1284 1523 1353 1572 qui
1389 1525 1534 1562 volunt

62 1583 200 1621 audire
243 1581 434 1629 misteria,
463 1583 508 1619 in
535 1582 740 1620 Anastase
768 1583 956 1630 intrant3
986 1583 1231 1622 clauduntur
1260 1592 1395 1623 autem
1429 1588 1533 1625 ostia

61 1658 112 1683 ne
158 1645 227 1695 qui
275 1643 576 1681 cathecuminus
625 1657 667 1681 se
715 1644 876 1693 dirigat.
953 1644 1200 1693 Disputante
1248 1649 1385 1683 autem
1434 1649 1534 1697 epis-

62 1720 157 1757 copo
184 1706 344 1756 singula
376 1709 418 1743 et
448 1709 652 1752 narrante,
689 1710 830 1744 tantae
861 1719 976 1743 voces
1010 1710 1107 1743 sunt
1139 1708 1455 1747 collaudantium
1485 1715 1532 1748 ut

60 1782 178 1819 porro
218 1768 325 1805 foras
364 1767 528 1805 ecclesia
572 1768 793 1805 audiantur
834 1781 948 1806 voces
979 1780 1127 1807 eorum.
1186 1769 1294 1807 Vere
1332 1772 1437 1809 enim
1475 1773 1535 1810 ita

61 1835 240 1874 misteria
258 1835 389 1872 omnia
418 1834 626 1871 absolvent
655 1838 702 1871 ut
731 1833 866 1871 nullus
895 1846 976 1871 non
995 1834 1121 1883 possit
1148 1837 1384 1874 commoveri
1407 1837 1459 1875 ad
1487 1851 1533 1876 ea

62 1913 163 1952 quae
182 1899 297 1936 audit
317 1898 373 1935 sic
393 1898 551 1948 exponi.

144 1964 200 1999 Et
234 1961 421 2011 quoniam
451 1961 495 1997 in
514 1973 561 1997 ea
590 1960 794 2010 provincia
825 1971 918 2008 pars
951 1958 1087 2008 populi
1113 1962 1154 1995 et
1187 1972 1302 2008 grece
1328 1964 1369 1997 et
1402 1962 1536 2000 sii-iste

62 2027 189 2072 novit,
218 2037 310 2075 pars
339 2024 461 2060 etiam
486 2023 566 2059 alia
596 2035 666 2072 per
700 2034 741 2059 se
767 2034 894 2071 grece,
919 2021 1053 2070 aliqua
1088 2021 1212 2058 etiam
1247 2035 1339 2071 pars
1369 2027 1533 2063 tantum

63 2089 218 2134 siriste,
260 2087 398 2135 itaque
436 2085 622 2134 quoniam
656 2085 873 2133 episcopus,
906 2083 1001 2121 licet
1038 2083 1172 2120 siriste
1202 2085 1359 2121 noverit
1396 2089 1534 2126 tamen

63 2163 215 2200 semper
252 2161 367 2199 grece
404 2148 584 2197 loquitur
622 2151 663 2184 et
695 2159 912 2196 numquam
951 2146 1094 2192 siriste,
1136 2146 1273 2195 itaque
1320 2161 1414 2197 ergo
1451 2154 1535 2188 scas]

63 2226 216 2263 semper
249 2211 470 2261 presbyter,
506 2209 584 2259 qui,
614 2209 796 2258 episcopo
825 2221 942 2258 grece
975 2208 1145 2255 dicente,
1180 2209 1313 2247 siriste
1342 2211 1536 2263 interpre-

63 2280 186 2321 tatur,
227 2278 274 2311 ut
311 2285 446 2311 omnes
484 2271 654 2309 audiant
698 2284 801 2321 quae
836 2275 1123 2321 exponuntur3
1170 2272 1360 2310 lectiones
1398 2275 1530 2321 etiam,

63 2349 332 2390 quaecumque
363 2336 406 2372 in
438 2334 602 2372 ecclesia
632 2334 835 2383 leguntur,
873 2334 969 2385 quia
999 2347 1159 2371 necesse
1198 2338 1260 2372 est
1289 2348 1404 2385 grece
1441 2337 1530 2387 legi,

61 2415 213 2452 semper
233 2406 317 2438 stat
337 2402 407 2450 qui
427 2401 559 2437 siriste
578 2401 888 2449 interpretatur,
904 2405 1069 2450 propter
1089 2402 1293 2450 populum,
1315 2407 1362 2439 ut
1382 2416 1537 2453 semper

62 2465 234 2502 discant.
293 2464 397 2501 Sane
417 2463 658 2512 quicumque
678 2462 742 2499 hic
762 2463 882 2500 latini
908 2467 1019 2509 sunt,
1040 2464 1081 2501 id
1110 2467 1172 2500 est
1201 2466 1271 2513 qui
1298 2478 1371 2502 nec
1401 2466 1537 2504 siriste

61 2539 134 2564 nec
171 2539 286 2576 grece
322 2529 532 2571 noverunt,
569 2537 620 2561 ne
658 2526 965 2572 contristentur,
997 2529 1039 2562 et
1076 2526 1172 2575 ipsis
1211 2528 1426 2576 exponitur
1464 2529 1533 2575 eis,

62 2589 155 2638 quia
175 2591 271 2625 sunt
290 2588 360 2624 alii
379 2587 527 2624 fratres
547 2590 588 2623 et
609 2599 761 2623 sorores
781 2585 1064 2639 grec[ol]atini,
1087 2589 1156 2637 qui
1176 2588 1305 2626 latine
1325 2594 1534 2639 exponunt

63 2651 131 2690 eis.
189 2650 299 2688 Illud
336 2654 472 2687 autem
509 2649 573 2686 hic
611 2654 706 2686 ante
743 2650 876 2686 omnia
914 2650 1031 2687 valde
1068 2655 1230 2699 gratum
1261 2651 1309 2688 fit
1341 2655 1383 2688 et
1416 2652 1534 2689 valde
