1747 3121
174 230 255 272 370
312 242 547 273 CHRISTIAN
578 243 800 273 WORSHIP:
832 243 899 273 ITS
932 243 1084 273 ORIGIN
1115 244 1207 275 AND
1238 245 1498 276 EVOLUTION.

170 347 287 382 omnia
305 346 480 383 elementa
490 348 682 383 voluntatis
699 351 778 382 tuae
796 347 954 383 defendis
978 349 1154 393 affectum,
1173 349 1269 384 hunc
1293 362 1434 396 quoque
1459 351 1640 395 famulum,

170 406 270 436 tuum
314 403 428 438 Illum
467 403 608 449 speciali
653 403 798 449 dignare
838 403 1025 437 inlustrare
1066 407 1221 450 aspectu,
1265 409 1304 439 ut
1344 406 1414 440 tuis
1464 405 1643 452 obsequiis

169 458 355 503 expeditus
396 459 526 494 sanctis
568 458 736 493 altaribus
781 458 940 493 minister
979 470 1086 504 purus
1128 458 1316 505 adcrescat,
1352 464 1388 496 et
1422 461 1640 507 indulgentia

166 513 295 559 purior,
330 526 452 549 eorum
484 514 595 559 gradu
635 526 722 560 quos
758 514 919 560 Apostoli
952 515 1006 549 tui
1037 515 1075 549 in
1107 516 1305 561 septenario
1339 529 1497 563 numero,
1531 518 1636 553 beato

168 569 348 616 Stephano
381 570 471 605 duce
503 581 545 604 ac
578 570 733 616 praevio,
769 575 892 605 sancto
934 570 1064 616 Spiritu
1105 575 1249 606 auctore
1291 572 1474 618 elegerunt
1513 573 1638 619 dignus

166 625 303 671 existat,
334 630 371 661 et
402 625 590 660 Virtutibus
623 625 795 660 universis
827 625 954 672 quibus
992 626 1057 660 tibi
1098 627 1228 661 servire
1270 632 1410 673 oportet
1441 628 1635 665 instructus

165 680 351 727 compleat.

249 877 567 918 Prima—The
588 877 884 918 continuation
905 877 951 918 of
966 878 1041 920 the
1063 879 1321 920 ceremonies
1342 893 1428 921 was
1460 879 1635 935 exactly

161 947 234 989 the
264 959 380 987 same
410 946 475 986 for
505 946 660 1000 priests
691 960 737 987 as
767 946 834 987 for
863 947 1056 997 deacons‚
1078 953 1229 1003 except
1259 948 1355 989 that
1382 949 1456 990 the
1482 948 1639 990 former

159 1029 269 1057 were
299 1015 502 1056 anointed
538 1029 593 1056 on
627 1015 701 1056 the
736 1016 885 1057 hands.
948 1016 1048 1058 This
1081 1032 1168 1059 was
1204 1018 1294 1059 also
1327 1032 1352 1059 a
1388 1023 1554 1061 custom
1589 1020 1638 1061 in

160 1081 322 1124 certain
352 1082 493 1136 places
523 1081 571 1122 in
600 1082 748 1136 regard
779 1087 823 1123 to
855 1082 1065 1125 deacons.1
1126 1084 1214 1125 The
1239 1084 1461 1139 following
1489 1085 1527 1126 is
1563 1085 1637 1127 the

157 1150 393 1204 formulary
413 1150 479 1191 for
499 1150 573 1191 the
594 1150 766 1192 address
784 1166 853 1192 :—

225 1335 410 1380 Quoniam,
445 1334 661 1370 dilectissimi
694 1335 828 1378 fratres,
863 1335 991 1370 rectori
1031 1335 1131 1370 navis
1172 1338 1208 1370 et
1247 1335 1388 1381 navigio
1430 1335 1633 1371 deferendis

156 1394 280 1430 eadem
305 1398 359 1428 est
376 1393 434 1428 vel
458 1393 656 1428 securitatis
680 1394 770 1428 ratio
795 1393 853 1428 vel
877 1393 1023 1437 timoris,
1051 1393 1247 1428 communis
1274 1405 1396 1428 eorum
1422 1394 1528 1429 debet
1552 1406 1629 1430 esse

154 1450 330 1486 sententia
363 1461 513 1495 quorum
547 1461 654 1484 causa
687 1449 885 1484 communis
927 1449 1055 1485 existit.
1117 1450 1195 1484 Nec
1236 1449 1364 1484 frustra
1406 1461 1427 1484 a
1467 1450 1630 1485 Patribus

152 1505 411 1541 reminiscimur
434 1504 636 1540 institutum
664 1504 704 1539 ut
730 1504 774 1539 de
804 1504 976 1539 electione
1004 1515 1126 1538 eorum
1154 1503 1213 1549 qui
1251 1504 1296 1538 ad
1329 1504 1486 1549 regimen
1512 1503 1632 1539 altaris

153 1561 346 1597 adhibendi
374 1564 457 1596 sunt
490 1560 692 1596 consulatur
725 1564 762 1595 et
793 1559 962 1606 populus3
989 1559 1071 1605 quia
1106 1559 1149 1594 de
1182 1563 1266 1594 actu
1299 1563 1335 1594 et
1365 1560 1630 1595 conversatione

152 1621 327 1668 praesenti
360 1619 456 1666 quod
481 1631 747 1665 nonnumquam
784 1619 964 1664 ignoratur
991 1630 1013 1653 a
1041 1617 1198 1664 pluribus
1232 1618 1339 1653 scitur
1371 1630 1393 1653 a
1425 1619 1557 1664 paucis,
1592 1623 1628 1654 et

150 1688 295 1712 necesse
320 1680 374 1711 est
397 1680 439 1710 ut
461 1675 597 1711 facilius
622 1675 696 1721 quis
722 1674 961 1710 obedientiam
989 1674 1156 1708 exhibeat
1177 1673 1336 1709 ordinato
1361 1674 1419 1709 cui
1441 1674 1629 1709 adsensum

150 1732 351 1779 praebuerit
392 1731 599 1766 ordinando.
661 1729 795 1765 Fratris
835 1729 945 1764 nostri
994 1733 1030 1764 et
1078 1729 1345 1774 conpresbyteri
1394 1730 1626 1774 conversatio,

150 1791 321 1834 quantum
349 1797 452 1821 nosse
481 1786 568 1821 mihi
596 1786 726 1830 videor,
760 1785 909 1830 probata
942 1796 983 1820 ac
1015 1785 1092 1819 Deo
1126 1784 1255 1830 placita
1282 1789 1350 1830 est,
1377 1788 1413 1819 et
1439 1784 1555 1830 digna,
1587 1788 1630 1820 ut

150 1844 309 1888 arbitror,
343 1842 571 1878 ecclesiastici
605 1843 747 1877 honoris
782 1844 984 1886 augmento.
1049 1840 1120 1876 Sed
1154 1851 1198 1875 ne
1237 1852 1350 1874 unum
1383 1840 1530 1875 fortasse
1567 1841 1625 1876 vel

149 1909 282 1945 paucos
306 1901 368 1932 aut
393 1897 545 1942 decipiat
574 1896 737 1931 adsensio
764 1900 826 1930 aut
851 1895 950 1930 fallat
977 1894 1125 1939 affectio,
1149 1895 1326 1929 sententia
1353 1898 1407 1929 est
1428 1895 1627 1940 expetenda

148 1953 352 1988 multorum.
402 1952 536 1997 Itaque,
564 1951 649 1997 quid
674 1951 717 1986 de
744 1950 819 1996 ejus
845 1950 980 1985 actibus
1005 1953 1066 1984 aut
1090 1949 1245 1984 moribus
1269 1949 1449 1994 noveritis,
1472 1949 1555 1995 quid
1581 1950 1626 1985 de

148 2008 274 2043 merito
293 2007 475 2051 censeatis,
494 2007 570 2041 Deo
588 2010 689 2050 teste,
709 2005 932 2040 consulimus.
983 2005 1100 2039 Debet
1116 2004 1209 2039 hanc
1227 2004 1334 2039 fidem
1351 2005 1480 2040 habere
1498 2005 1626 2041 caritas

148 2067 266 2098 vestra
293 2074 400 2108 quam
433 2061 628 2097 secundum
656 2064 883 2106 praeceptum
910 2060 1095 2106 Evangelii
1123 2064 1158 2095 et
1185 2061 1263 2095 Deo
1293 2061 1461 2095 exhibere
1488 2061 1625 2097 debetis

148 2123 184 2153 et
208 2118 380 2164 proximo,
406 2121 447 2152 ut
471 2117 555 2152 huic
582 2116 824 2151 testimonium
850 2115 1023 2151 sacerdoti
1052 2116 1164 2160 magis
1192 2127 1254 2161 pro
1276 2116 1401 2151 merito
1426 2128 1532 2162 quam
1559 2129 1623 2164 pro

147 2175 332 2210 affectione
364 2173 495 2220 aliquid
528 2172 700 2207 tribuatis.
750 2172 798 2206 Et
830 2171 889 2217 qui
927 2171 1155 2207 devotionem
1188 2171 1346 2206 omnium
1380 2176 1621 2219 expectamus,

212 2364 223 2382 ¹
246 2363 370 2395 Gildas
394 2363 509 2404 (Liber
535 2363 710 2402 Querulu3‚
733 2362 783 2393 iii.
818 2362 876 2402 21)
899 2360 1022 2402 speaks
1051 2361 1089 2393 of
1116 2371 1137 2392 a
1166 2360 1319 2401 blessing
1342 2371 1410 2402 qua
1433 2360 1619 2394 initiantur

143 2415 347 2448 sacerdotum
362 2416 409 2446 vel
425 2415 655 2447 ministrorum
670 2423 797 2445 manus.
845 2412 931 2443 This
953 2412 1148 2453 expression
1169 2421 1276 2443 seems
1292 2413 1326 2442 to
1341 2411 1430 2444 have
1445 2412 1618 2444 reference

144 2468 179 2498 to
201 2476 222 2497 a
244 2466 372 2506 special
395 2475 583 2506 ceremony,
599 2465 762 2505 probably
784 2464 845 2495 the
868 2464 1050 2504 anointing
1072 2463 1109 2495 of
1130 2463 1191 2494 the
1213 2462 1323 2494 hands
1345 2462 1383 2493 of
1402 2462 1525 2503 priests
1548 2464 1618 2496 and

144 2517 297 2548 deacons.
343 2516 418 2548 The
441 2517 623 2557 anointing
645 2516 682 2547 of
702 2515 762 2547 the
784 2515 895 2546 hands
919 2515 955 2546 in
977 2525 1053 2546 case
1074 2514 1111 2546 of
1131 2514 1213 2545 both
1236 2513 1333 2544 these
1357 2513 1470 2544 orders
1492 2514 1522 2545 is
1545 2517 1616 2546 met

141 2568 228 2601 with
252 2568 290 2599 in
313 2567 374 2599 the
398 2568 643 2609 Anglo-Saxon
667 2567 771 2599 books
804 2567 841 2598 of
868 2566 928 2597 the
953 2566 1053 2597 tenth
1078 2565 1147 2596 and
1171 2564 1331 2597 eleventh
1356 2565 1535 2596 centuries.
1580 2566 1615 2597 It

141 2629 284 2661 appears
300 2619 387 2650 from
402 2618 462 2650 the
482 2619 586 2650 letter
608 2619 645 2650 of
665 2619 699 2650 N
701 2619 805 2650 icolas
826 2618 853 2649 I.
870 2620 906 2649 to
929 2618 1101 2658 Rodulph,
1118 2617 1247 2656 Bishop
1271 2616 1308 2647 of
1321 2615 1474 2656 Bourges
1496 2617 1614 2657 (Jaffe,

141 2672 253 2711 2765),
277 2669 354 2701 that
378 2669 480 2701 about
503 2669 563 2700 the
586 2670 669 2700 time
693 2670 729 2700 of
751 2669 891 2701 Charles
917 2668 977 2700 the
1001 2668 1092 2699 Bald
1115 2668 1176 2699 the
1203 2667 1383 2707 anointing
1408 2667 1445 2698 of
1468 2667 1613 2701 deacons

140 2733 209 2755 was
224 2723 262 2754 in
277 2730 410 2762 process
425 2720 462 2752 of
474 2721 578 2762 being
594 2721 796 2752 introduced
810 2721 884 2752 into
900 2720 1040 2751 France.
