1747 3121
196 257 279 297 480
823 259 1052 291 APPENDIX.

199 365 376 413 planitas
414 363 592 401 induunt
631 365 778 413 nigras.
859 362 1017 399 Deinde
1055 362 1215 399 intrant
1249 375 1386 400 omnes
1448 367 1544 400 ante
1582 376 1677 413 pon-

199 428 347 465 tificem
409 431 450 464 et
498 427 702 475 accipiunt
753 426 803 463 ab
856 438 903 463 eo
955 425 1115 475 singula
1167 438 1290 465 cerea.
1361 424 1441 463 His
1490 426 1675 476 expletis,

198 489 360 528 inchoat
403 489 509 527 scola
550 488 814 537 antiphonam
862 488 1034 537 Exsurqe
1073 487 1247 534 Domine,
1289 488 1434 538 adjuva
1483 501 1558 527 nos.
1619 489 1675 526 Et

198 553 307 590 dioto
353 564 471 589 versu
516 551 721 601 egreditur
769 550 954 601 pontifex
994 550 1042 588 de
1081 551 1254 588 sacrario
1302 564 1393 588 cum
1442 551 1676 589 diaconibus

199 614 343 652 dextra
380 615 549 663 levaque
587 617 628 651 et
676 614 821 651 annuit
860 613 1046 663 pontifex
1094 613 1201 651 scola
1233 617 1282 650 ut
1320 613 1478 651 dicatur
1524 613 1669 654 Gloria.

199 677 358 714 Deinde
417 676 636 713 ascendens
684 682 780 713 ante
817 676 959 723 altare,
1013 675 1214 713 inclinans
1271 688 1312 714 se
1361 676 1412 714 ad
1455 677 1677 715 orationem

197 752 323 789 usque
360 739 455 776 dum
493 738 656 777 inchoat
709 740 815 777 scola
854 752 1014 777 versum
1052 739 1102 776 ad
1142 739 1418 788 repetendum,
1457 740 1588 789 surgit
1625 741 1677 778 ab

196 803 387 849 oratione,
432 803 586 839 salutat
632 803 760 840 altare
806 806 847 840 et
893 802 1051 840 diaconi
1064 801 1091 825 (ἰ)
1132 803 1318 839 similiter
1356 802 1451 839 hino
1492 806 1534 839 et
1571 802 1676 841 inde.

197 865 292 915 Ipsa
326 865 548 914 antiphona
586 866 758 915 expleta,
800 878 881 902 non
923 864 1023 902 dicit
1075 865 1181 902 scola
1230 863 1365 914 Chyrz‘e
1419 864 1567 911 eleison,
1607 866 1676 904 sed

195 926 378 976 pontifex
426 931 540 964 stans
587 932 683 965 ante
730 928 860 964 altare
909 927 1008 964 dicit
1056 926 1243 964 Dominus
1296 926 1488 973 vobiscum,
1533 927 1677 965 deinde

199 988 364 1035 Oremus,
405 993 447 1026 et
499 989 689 1027 diaconus
739 989 957 1027 Flectamus
1012 1002 1163 1038 qenaa3
1213 993 1255 1026 et
1303 989 1412 1027 facto
1460 990 1676 1028 intervallo

197 1050 296 1088 dicit
316 1052 463 1089 iterum
483 1051 636 1092 Levate.
696 1052 752 1089 Et
773 1053 845 1090 dat
864 1052 1050 1102 pontifex
1069 1052 1304 1090 orationem.

276 1113 448 1150 Interim
477 1115 742 1164 egrediuntur
775 1127 911 1152 cruces
949 1113 1066 1159 VH„
1107 1118 1322 1163 portantur
1361 1115 1412 1151 ab
1449 1114 1675 1153 stauroforo

195 1176 387 1224 permixti
427 1189 515 1213 cum
562 1177 720 1226 populo.
806 1175 965 1213 Deinde
1004 1176 1220 1225 presbiteri
1275 1176 1341 1213 vel
1393 1176 1627 1215 subdiaconi
1639 1176 1677 1201 (ἦ)

194 1238 338 1275 deinde
370 1238 555 1287 pontifex
593 1251 682 1275 cum
727 1238 987 1285 diaconibus3
1030 1241 1071 1275 et
1109 1238 1187 1275 duo
1226 1250 1339 1275 cerea
1377 1251 1542 1275 aceensa
1580 1243 1676 1277 ante

194 1313 285 1338 euin
314 1305 502 1350 portatur
530 1304 570 1337 et
602 1301 983 1337 thimiamasterium
1013 1313 1037 1336 a
1066 1300 1310 1337 subdiacono
1339 1303 1380 1337 et
1410 1301 1513 1338 duae
1537 1314 1674 1340 cruces

194 1366 290 1399 ante
327 1363 468 1411 ipsum.
544 1362 703 1400 Deinde
752 1362 1010 1411 subsequitur
1049 1362 1156 1399 scola
1200 1362 1431 1412 pontificem
1468 1363 1675 1412 psallendo

194 1425 447 1474 antiphonas,
517 1425 624 1462 Dum
662 1426 754 1462 finit
792 1426 898 1462 scola
936 1424 1213 1473 antiphonam,
1248 1425 1397 1473 repetit
1434 1425 1565 1463 clerus
1603 1427 1674 1477 qui

192 1487 397 1525 antecedit
415 1487 656 1537 pontificem,

276 1550 378 1588 Cum
421 1555 556 1587 autem
597 1549 1012 1600 adpropinquaverint
1051 1549 1201 1586 atrium
1240 1551 1402 1585 sanotae
1440 1547 1520 1586 Dei
1557 1562 1675 1599 gene-

193 1613 305 1650 tricis
339 1611 586 1658 ecclesiaa<³1³>
624 1613 759 1648 innuit
793 1611 978 1660 pontifex
1011 1611 1116 1648 scola
1150 1614 1197 1647 ut
1231 1610 1390 1647 dicatur
1423 1611 1584 1658 letania,
1617 1625 1676 1650 re-

193 1679 379 1725 petentes
428 1680 491 1712 ter
530 1675 714 1711 vicissim.
795 1673 1016 1722 Postquam
1047 1676 1182 1710 autem
1216 1672 1445 1722 ingreditur
1491 1674 1675 1723 pontifex

193 1738 236 1773 in
275 1737 449 1783 eeclesia,
488 1736 600 1773 vadit
632 1737 675 1772 111
709 1737 884 1773 sacrario
915 1748 1004 1772 cum
1042 1734 1277 1772 diaconibus
1315 1735 1397 1772 suis
1435 1739 1478 1772 et
1516 1740 1674 1775 ceterus

194 1800 323 1836 clerus
371 1799 485 1836 vadit
532 1802 629 1835 ante
671 1799 800 1835 altare
843 1801 885 1835 et
931 1797 1174 1847 percomplet
1221 1797 1374 1834 letania
1427 1798 1530 1835 sicut
1576 1799 1674 1836 alibi

195 1863 389 1911 scriptum
435 1866 507 1900 est.
568 1861 675 1898 Dein
712 1861 874 1898 inchoat
913 1860 1019 1897 scola
1056 1859 1320 1908 antiphonam
1357 1860 1409 1897 ad
1446 1861 1671 1900 introitum.

196 1925 251 1961 Et
271 1924 359 1974 ipsa
374 1924 438 1962 die
459 1937 540 1961 non
560 1924 746 1969 psallitur
770 1922 907 1960 Gloria
928 1922 966 1959 in
983 1921 1138 1959 eaecelsz's
1158 1921 1252 1959 Deo.

794 2050 839 2096 (1)
866 2050 1046 2085 diaconus.

786 2106 846 2151 (ii)
874 2106 1023 2141 diaconi.

776 2161 848 2207 (iii)
872 2161 1065 2197 eeclesiam
