1747 3121
188 181 271 222 226
333 192 569 223 GHRISTIAN
599 193 825 224 WORSHIP:
857 193 923 223 1Ts
955 192 1108 224 omem
1138 192 1230 223 AND
1261 193 1521 226 nvoLUTION.

276 297 319 338 It
349 296 386 337 is
414 296 549 337 found
578 296 626 337 in
656 297 730 338 the
762 297 930 350 Bangor
957 295 1292 351 Antiphonary}
1353 297 1440 339 The
1467 310 1662 340 measure

185 366 222 408 is
245 366 292 406 in
314 366 480 407 Iambic
500 366 754 407 trimeter—

518 458 640 494 Sancti
658 458 788 500 venite,
807 458 936 494 Christi
954 469 1079 504 eorpus
1096 458 1234 503 sumite,

514 518 675 549 sanctum
692 513 856 549 bibentes
874 525 943 560 quo
961 513 1134 560 redempti
1152 514 1367 560 sanguinem.

517 611 653 646 Salvati
670 611 799 646 Christi
818 623 961 658 corpore
980 615 1016 647 et
1033 613 1212 659 sanguine,

516 677 537 700 a
554 677 624 711 quo
642 665 763 700 refecti
780 665 902 701 laudes
920 666 1078 702 dicamus
1095 668 1182 705 Deo.

518 765 594 799 Hoc
613 767 834 798 sacramento
854 764 1008 810 corporis
1026 768 1063 799 et
1079 764 1261 810 sanguinis

519 830 640 853 omnes
659 818 756 853 exuti
774 818 817 853 ab
835 819 961 853 inferni
979 819 1147 854 saucibus.

519 919 630 952 Dator
647 917 768 952 salutis
786 918 955 963 Christus,
975 919 1085 953 Filius
1102 918 1179 964 Dei,

515 973 683 1007 mundum
703 972 853 1007 salvavit
870 985 932 1018 per
949 984 1088 1008 crucem
1107 978 1143 1009 et
1160 974 1379 1020 sanguinem.

516 1069 584 1103 Pro
602 1068 773 1103 universis
790 1069 990 1103 immolatus
1008 1069 1181 1104 Dominus

517 1125 591 1171 ipse
609 1124 770 1159 sacerdos
788 1125 911 1159 existit
928 1128 963 1159 et
980 1125 1106 1161 hostia.

520 1222 615 1266 Lege
634 1224 861 1267 praeceptum
880 1221 1054 1256 immolari
1071 1220 1204 1256 hostias

515 1289 586 1323 qua
605 1276 859 1311 adumbrantur
877 1276 994 1311 divina
1012 1276 1192 1321 mysteria.

514 1368 619 1402 Lucis
636 1367 790 1402 indultor
807 1371 842 1402 et
860 1366 1013 1401 salvator
1031 1367 1187 1401 omnium

512 1424 728 1470 praeclaram
748 1423 877 1457 sanctis
894 1423 1038 1468 largitus
1056 1427 1108 1457 est
1125 1423 1283 1468 gratiam.

513 1516 698 1551 Accedant
715 1527 835 1550 omnes
852 1527 939 1561 pura
957 1519 1075 1550 mente
1094 1515 1237 1560 creduli,

514 1574 656 1605 sumant
673 1574 853 1605 aeternam
872 1570 993 1605 salutis
1011 1570 1220 1606 custodiam.

513 1664 723 1699 Sanctorum
742 1667 858 1698 custos
876 1667 990 1698 rector
1007 1675 1146 1709 quoque
1165 1664 1337 1699 Dominus

511 1720 604 1755 vitae
622 1720 785 1766 perennis
803 1719 945 1765 largitor
963 1719 1197 1755 credentibus.

510 1810 706 1846 Caelestem
728 1821 857 1856 panem
875 1810 936 1845 dat
952 1809 1185 1844 esurientibus

511 1865 554 1899 de
571 1865 666 1899 fonte
684 1865 765 1899 vivo
782 1864 927 1910 praebet
944 1863 1152 1899 sitientibus.

509 1954 592 1989 Alsa
610 1957 645 1989 et
662 1953 794 1998 Omega
805 1953 819 1975 2
835 1953 909 1999 ipse
927 1953 1085 1988 Christus
1102 1953 1275 1988 Dominus

509 2009 616 2054 venit,
637 2013 807 2045 venturus
819 2009 978 2055 judicare
996 2009 1167 2045 homines.

644 2169 708 2210 17.
745 2168 826 2209 The
858 2167 1185 2221 Tlacmksqivmy.

266 2256 354 2298 The
400 2255 679 2297 communion
721 2254 849 2308 being
892 2255 1041 2303 ended,
1085 2254 1157 2294 the
1199 2252 1350 2306 bishop
1391 2253 1496 2294 calls
1536 2268 1650 2308 upon

177 2328 250 2369 the
293 2326 591 2381 congregation
633 2330 676 2366 to
716 2324 853 2365 thank
896 2323 1001 2373 God,
1044 2324 1098 2364 he
1142 2323 1321 2364 himself
1357 2323 1540 2377 reciting
1579 2324 1652 2364 the

242 2459 252 2477 ¹
277 2459 407 2498 Migne,
425 2460 501 2490 Pat.
519 2459 605 2496 Lat.⁷
622 2456 686 2488 vol.
703 2456 801 2487 lxxii.
818 2466 849 2496 p.
869 2456 948 2492 587;
973 2455 1126 2493 warren,
1148 2465 1199 2496 op.
1222 2455 1287 2492 cit„
1306 2464 1338 2494 p.
1356 2455 1426 2486 187.
1473 2453 1548 2485 The
1570 2455 1650 2486 title

175 2512 223 2543 is:
268 2510 408 2542 Ymnum
437 2511 569 2551 quando
599 2509 870 2540 commemorarent
900 2508 1087 2539 sacerdotes.
1146 2506 1227 2546 (See
1257 2505 1400 2537 Version
1438 2505 1474 2536 in
1508 2505 1644 2546 Hymns

174 2561 324 2593 Ancient
340 2561 408 2591 and
423 2561 576 2599 Modern,
593 2560 686 2599 313.)

239 2614 252 2631 2
276 2626 298 2643 ω
314 2612 351 2642 in
367 2612 426 2643 the
443 2612 579 2652 printed
596 2611 734 2642 edition.
781 2609 856 2640 The
872 2610 978 2641 metre
996 2608 1147 2649 requires
1163 2607 1357 2647 something
1374 2616 1463 2638 more
1485 2606 1570 2638 than
1589 2606 1649 2638 the

175 2664 281 2698 sound
301 2678 326 2695 υ.
372 2663 390 2695 Ι
406 2664 508 2704 fancy
526 2663 622 2694 there
639 2663 667 2693 is
684 2661 878 2701 something
894 2660 1038 2691 omitted
1054 2660 1204 2690 between
1223 2659 1304 2700 Alsa
1320 2658 1388 2689 and
1404 2661 1442 2691 et.
