1747 3121
183 206 268 247 426
330 214 569 247 CHRISTIAN
598 212 823 243 wonsmr:
854 209 924 240 rrs
955 207 1111 239 omem
1141 206 1232 237 ΛΝΒ
1264 203 1526 236 ΕνοωΤΙοΝ,

182 323 456 371 Francorum,
496 318 636 361 which
677 315 870 358 contains
911 327 936 354 a
965 313 1170 375 mixture>
1195 311 1241 352 of
1277 310 1350 352 the
1390 315 1475 351 two
1515 309 1661 360 forms,

183 393 269 434 and
308 391 416 433 with
465 390 539 431 the
588 386 758 430 Mtssale
811 384 1083 426 Gallicanum
1143 381 1279 422 Vetua
1359 380 1447 421 The
1497 379 1661 421 service

183 463 320 517 began
340 461 446 502 with
467 474 491 500 a
506 471 671 513 prayer,
692 454 900 512 preceded
921 454 979 508 by
1000 453 1057 495 its
1078 451 1313 505 invitatory
1330 449 1431 491 1:—

254 647 441 689 Faventes,
461 642 677 679 dilectissimi
693 642 849 686 Fratres,
867 640 922 675 his
938 640 1126 675 virtutibus
1150 650 1236 685 quas
1261 641 1440 684 praestare
1465 647 1661 683 paucorum

184 706 246 747 est,
280 702 395 736 Deum
438 710 577 744 semper
616 697 808 744 pudicitiae
849 695 1090 741 castitatisque
1132 693 1316 730 custodem
1357 693 1512 739 acceptis
1545 692 1662 728 eidem

183 757 346 804 precibus
379 766 532 799 oremUS,
564 757 606 788 ut
638 753 729 787 hanc
760 750 930 786 famulam
964 762 1065 785 suam
1098 749 1261 785 omnibus
1302 748 1433 784 saeculi
1473 748 1662 783 inlecebris

183 812 333 847 liberam
367 809 563 845 carnalibus
595 819 637 842 ac
671 807 795 854 spiritu
828 806 1012 851 integram,
1049 805 1156 850 Regis
1192 804 1328 840 aeterni
1359 804 1518 839 thalamo
1550 815 1663 839 reser-

182 867 335 902 vandam
360 865 481 900 addita
506 863 668 899 caelestis
693 861 862 908 propositi
886 861 1017 896 virtute
1044 861 1256 905 corroboret,
1276 863 1314 895 et
1336 860 1382 894 ad
1398 860 1660 906 sexagesimum

182 923 337 957 fructum
353 932 459 966 quem
483 919 624 965 propria
649 917 840 953 devotione
865 917 1059 963 praesumit
1084 916 1194 951 addat
1218 928 1281 951 sua
1305 916 1517 951 liberalitate
1541 919 1661 951 cente-

183 979 323 1013 simum.

253 1033 420 1068 Omnium
460 1031 605 1077 quidem
645 1029 790 1064 laudum
823 1032 929 1074 atque
963 1027 1137 1062 virtutum
1170 1027 1232 1062 sed
1264 1027 1454 1074 praecipue
1488 1027 1663 1062 castitatis

183 1090 349 1133 adsertor,
363 1091 492 1130 custos,
508 1085 705 1129 auxiliator,
721 1085 865 1119 effector
879 1083 1016 1118 dicatae
1033 1083 1098 1118 tibi
1115 1083 1151 1116 in
1165 1083 1296 1118 sanctis
1310 1083 1513 1129 corporibus
1529 1083 1661 1129 pariter

184 1158 226 1181 ac
251 1144 428 1179 mentibus
452 1142 637 1189 puritatis3
664 1141 723 1186 qui
749 1140 988 1185 virginitatem
1013 1138 1093 1173 ideo
1118 1138 1198 1184 plus
1223 1138 1368 1173 intueris
1387 1142 1423 1173 et
1440 1139 1553 1185 diligis
1579 1139 1661 1184 quia

182 1202 245 1237 tibi
272 1200 367 1245 origo
385 1199 588 1244 virginitas,
615 1197 741 1242 quique
768 1196 803 1230 in
821 1196 916 1230 hunc
941 1195 1116 1229 mundum
1140 1199 1245 1229 natus
1262 1206 1308 1229 ex
1325 1195 1459 1239 virgine
1476 1195 1512 1230 id
1528 1195 1564 1230 in
1581 1194 1658 1230 aliis

182 1258 309 1304 probas
326 1255 420 1301 quod
437 1255 474 1288 in
490 1257 601 1288 matre
620 1252 766 1296 elegisti,
785 1255 891 1296 atque
909 1251 997 1285 adeo
1016 1250 1196 1296 aptissime
1218 1251 1281 1285 tibi
1307 1262 1435 1296 sponso
1452 1251 1528 1285 viro
1555 1262 1658 1297 spon-

182 1325 258 1348 sam
291 1311 461 1356 virginem
498 1309 720 1351 dedicamus3
759 1311 811 1352 tu,
841 1306 1003 1351 Domine,
1037 1306 1152 1340 tribue
1181 1306 1274 1341 hanc
1307 1306 1447 1352 puellae
1471 1306 1548 1352 jam
1573 1310 1659 1341 tuae

181 1380 319 1415 semper
337 1366 528 1413 optabilem
548 1375 676 1410 magno
701 1362 881 1410 proposito
907 1361 1217 1408 perseverantiam,
1236 1366 1273 1396 et
1289 1366 1412 1396 contra
1436 1362 1661 1397 multiformis

181 1425 312 1460 inimici
329 1422 498 1458 instantia
516 1421 679 1467 spiritum
692 1420 867 1465 agitantes
884 1418 1028 1453 insidias
1045 1417 1258 1452 indeflexam
1276 1417 1659 1464 inexpugnabilemque

181 1481 427 1522 constantiam,
458 1482 499 1512 ut
524 1477 588 1512 tibi
613 1476 741 1511 debeat
770 1474 1073 1510 consummatione
1099 1485 1189 1519 quae
1208 1473 1285 1519 jam
1310 1478 1392 1508 ante
1417 1474 1542 1509 habuit
1565 1473 1659 1509 bona

182 1536 375 1572 voluntate.

268 1721 389 1762 Then
420 1732 538 1760 came
569 1718 643 1758 the
674 1715 822 1771 giving
853 1715 898 1755 of
926 1714 999 1755 the
1028 1713 1128 1763 veil,
1160 1714 1462 1768 accompanied
1492 1715 1551 1769 by
1587 1715 1661 1756 the

181 1789 454 1833 benediction
472 1803 542 1829 :—

249 1952 394 1997 Accipe,
408 1949 535 1997 puella,
550 1947 708 1995 pallium,
721 1945 815 1992 quod
832 1944 988 1991 perferas
1005 1943 1080 1978 sine
1098 1944 1238 1978 macula
1254 1949 1336 1979 ante
1354 1945 1509 1981 tribunal
1526 1945 1661 1982 domini

180 2009 290 2045 nostri
316 2009 406 2043 Jesu
431 2006 572 2049 Christi,
601 2005 657 2040 cui
686 2003 798 2038 flectit
824 2012 928 2037 omne
961 2012 1054 2046 genu
1083 1999 1288 2035 caelestium
1315 2005 1352 2036 et
1379 2002 1595 2037 terrestrium
1625 2007 1662 2037 et

181 2066 407 2101 infernorum.

252 2120 446 2155 Benedicat
471 2122 507 2152 te
530 2116 690 2152 conditor
715 2113 803 2149 caeli
826 2117 862 2148 et
887 2116 1011 2154 terrae,
1028 2113 1125 2146 Deus
1151 2112 1257 2147 Pater
1284 2113 1517 2159 omnipotens,
1536 2113 1595 2159 qui
1620 2117 1656 2149 te

181 2178 307 2222 eligere
333 2176 496 2221 dignatus
514 2178 568 2208 est
589 2172 636 2207 ad
658 2172 767 2205 instar
792 2173 935 2204 sanctae
961 2168 1095 2203 Mariae
1120 2169 1242 2203 matris
1267 2169 1410 2203 Domini
1434 2170 1545 2204 nostri
1569 2170 1593 2204 J
1596 2181 1659 2204 esu

182 2232 310 2268 Christi
327 2232 373 2266 ad
389 2232 564 2275 integram
581 2232 617 2262 et
633 2225 900 2261 immaculatam
918 2224 1169 2269 virginitatem,
1187 2236 1293 2269 quam
1309 2225 1466 2270 professa
1483 2236 1522 2259 es
1539 2236 1660 2260 coram

181 2289 258 2323 Deo
284 2291 319 2322 et
344 2286 476 2331 angelis
502 2283 644 2319 sanctis.
694 2281 830 2316 Idcirco
857 2292 959 2315 serva
987 2280 1216 2325 propositum,
1243 2292 1345 2315 serva
1371 2281 1571 2315 castitatem
1595 2293 1661 2327 per

183 2342 398 2390 patientiam,
417 2345 458 2376 ut
474 2350 643 2376 coronam
665 2335 875 2382 virginitatis
900 2339 982 2370 tuae
1007 2336 1167 2380 accipere
1193 2335 1371 2370 merearis.
1421 2336 1526 2371 Nunc
1552 2347 1661 2371 exoro

249 2526 261 2545 ¹
283 2525 302 2557 Ι
326 2525 405 2565 give
426 2524 508 2554 here
530 2523 591 2554 the
614 2521 801 2561 formulary
823 2520 860 2551 of
881 2519 941 2551 the
964 2518 1100 2550 Missale
1125 2518 1340 2551 Gallicanum
1360 2519 1467 2558 Vetus,
1481 2519 1661 2559 Muratori,

184 2578 249 2610 vol.
266 2577 302 2607 ii.
319 2586 351 2616 p.
368 2576 441 2607 701.
486 2574 529 2605 In
552 2574 612 2604 the
637 2573 773 2604 Missule
798 2572 1005 2603 Francorum
1028 2570 1138 2610 (ibid,
1160 2580 1190 2610 p.
1209 2571 1289 2611 673)
1311 2571 1371 2601 the
1397 2571 1529 2602 Roman
1553 2581 1661 2603 canon

184 2629 273 2660 Deus
297 2628 459 2658 castorum
483 2625 513 2655 is
537 2623 705 2664 preceded
734 2623 779 2662 by
802 2632 822 2653 a
852 2621 1039 2661 formulary
1062 2621 1099 2651 of
1124 2621 1254 2652 similar
1284 2621 1418 2662 impert,
1441 2622 1503 2653 but
1529 2622 1661 2664 having

185 2680 245 2712 the
260 2677 449 2717 invitatory
464 2674 586 2716 placed
602 2674 691 2705 after
706 2673 766 2705 the
782 2683 913 2714 prayer.
