1747 3121
188 193 269 236 526
813 198 1045 230 APPENDIX.

186 307 231 343 in
275 318 356 355 qua
397 302 624 349 ordinatur,
663 301 773 339 dicat
810 301 1008 351 populus;
1059 300 1184 338 “Nos
1222 300 1406 350 eligimus
1444 300 1624 339 eum.''—
1653 329 1662 340 .

186 367 344 405 Deinde
372 366 533 403 silentio
560 365 670 402 facto
697 364 742 400 in
766 367 856 400 toto
875 375 996 412 grege
1020 365 1111 412 post
1131 361 1420 415 ἐξομολόγησιν,
1440 375 1575 401 omnes
1593 376 1666 414 pro

187 441 234 465 eo
261 432 379 465 orent
407 426 609 463 dicentes:
643 423 714 461 “O
744 424 866 471 Deus,
899 424 1111 461 corrobora
1140 422 1248 460 hunc
1275 435 1395 472 quem
1420 425 1536 461 nobis
1555 437 1667 474 prae-

185 488 496 540 parasti.⁷'—-lO.
536 485 697 524 Deinde
725 486 899 535 eligatur
928 498 1033 523 unus
1061 498 1112 522 ex
1135 485 1328 535 episcopis
1347 489 1389 522 et
1408 487 1662 536 presbyteriS,

186 553 260 602 qui
286 564 451 589 manum
479 550 605 599 capiti
633 549 720 598 ejus
746 549 928 599 imponat
955 553 996 586 et
1024 552 1122 594 oret,
1145 548 1282 585 dicens
1299 549 1428 587 :-11.
1461 549 1533 587 “O
1554 550 1666 588 Deus

185 619 302 664 pater
347 612 500 650 domini
546 611 675 648 nostri
721 610 821 649 Jesu
867 610 1031 656 Christi,
1071 613 1188 660 pater
1225 610 1588 648 misericordiarum
1625 615 1666 649 et

188 679 300 716 Deus
328 677 457 714 totius
487 675 784 721 consolationis,
815 675 887 724 qui
915 674 1078 711 habitat
1105 674 1150 711 in
1176 674 1271 711 altis
1297 677 1340 711 et
1359 673 1527 712 humilia
1546 676 1668 726 respi-

186 742 255 787 cit,
285 740 353 790 qui
382 738 498 776 novit
531 738 664 775 omnia
697 741 914 786 antequam
947 737 1049 774 fiant
1063 736 1195 784 3—12.
1230 740 1279 774 tu
1309 737 1380 786 qui
1413 739 1666 777 constituisti

187 805 286 840 fines
316 801 530 847 Ecclesiae,
560 800 675 849 cujus
703 800 870 849 imperio
898 799 947 836 fit
973 803 1020 836 ut
1044 812 1095 836 ex
1114 799 1275 836 Adamo
1292 805 1522 848 perseveret
1541 814 1667 851 genus

180 867 349 915 justum,
381 864 539 901 ratione
571 863 692 912 hujus
726 862 901 912 episcopi
934 862 1005 911 qui
1038 865 1100 899 est
1133 874 1302 910 magnus
1335 862 1561 910 Abraham,
1596 864 1667 914 qui

184 927 437 977 praelaturas
484 929 526 963 et
564 925 817 974 principatus
855 924 1071 961 constituit
1084 923 1215 969 3—13.
1265 924 1416 972 respice
1454 937 1573 973 super
1610 925 1663 964 N.

185 1002 344 1028 servum
381 993 511 1035 tuum,
550 988 736 1025 tribuens
774 987 972 1024 virtutem
1010 990 1124 1023 tuam
1161 990 1204 1022 et
1242 986 1429 1035 spiritum
1471 987 1667 1026 efficacem

185 1068 305 1105 quem
334 1054 518 1092 tribuisti
547 1054 698 1090 sanctis
730 1053 922 1103 apostolis
960 1065 1031 1101 per
1069 1052 1274 1089 dominum
1307 1057 1492 1090 nostrum
1525 1053 1667 1093 Jesum

186 1118 394 1155 Christum
423 1117 551 1154 filium
579 1120 697 1153 tuum
726 1116 901 1161 unicum,
931 1114 1012 1151 illis
1041 1114 1112 1164 qui
1139 1113 1418 1151 fundaverunt
1446 1114 1666 1154 Ecclesiam

185 1181 230 1217 in
267 1180 376 1217 omni
408 1178 494 1215 loco
524 1177 575 1215 ad
606 1177 798 1215 honorem
829 1180 871 1214 et
901 1176 1069 1225 gloriam
1099 1176 1272 1213 nominis
1303 1177 1367 1213 tui
1398 1177 1663 1217 sancti—14.

187 1243 291 1287 Quia
318 1246 366 1278 tu
395 1240 619 1290 cognovisti
647 1252 714 1277 cor
742 1239 1068 1288 uniuscujusque,
1104 1238 1275 1276 concede
1304 1238 1366 1275 illi
1395 1242 1443 1276 ut
1470 1239 1554 1290 ipse
1581 1241 1668 1279 sine

185 1309 350 1356 peccato
369 1304 506 1341 videat
532 1303 723 1353 populum
747 1307 877 1349 tuum,
897 1306 945 1339 ut
964 1305 1168 1338 mercatur
1186 1314 1349 1351 pascere
1368 1314 1529 1352 gregem
1548 1307 1666 1341 tuum

185 1381 375 1418 magnum
401 1366 693 1404 sacrum—15.
725 1365 847 1402 Effice
874 1365 996 1401 etiam
1019 1367 1066 1401 ut
1085 1376 1213 1401 mores
1234 1364 1320 1412 ejus
1340 1364 1423 1401 sint
1443 1366 1667 1414 superiores

186 1430 295 1469 omni
320 1428 466 1478 populo
491 1427 577 1464 sine
604 1426 688 1464 ulla
712 1425 1120 1463 declinatione—16.
1151 1425 1274 1462 Effice
1293 1425 1417 1462 etiam
1436 1431 1484 1463 ut
1503 1432 1666 1477 propter

185 1492 481 1545 praestantiam
518 1490 580 1527 illi
617 1491 668 1527 ab
706 1490 893 1527 omnibus
931 1488 1173 1535 invideatur,
1215 1492 1257 1525 et
1295 1489 1430 1539 accipe
1467 1491 1667 1529 orationes

187 1559 274 1607 ejus
312 1559 353 1593 et
390 1554 614 1592 oblationes
648 1553 736 1602 ejus
769 1565 870 1602 quas
903 1552 981 1588 tibi
1014 1551 1154 1588 offeret
1185 1551 1250 1588 die
1279 1555 1480 1601 noctuque
1510 1556 1552 1590 et
1582 1554 1667 1591 sint

188 1620 265 1656 tibi
292 1617 389 1655 odor
417 1615 684 1653 suavia—17.
716 1615 864 1651 Tribue
890 1614 1013 1650 etiam
1039 1613 1110 1659 illi,
1137 1625 1161 1650 o
1185 1612 1370 1659 Domine,
1393 1615 1667 1664 episcopatum

187 1686 230 1720 et
257 1681 445 1730 spiritum
473 1678 710 1715 clementem
739 1681 781 1714 et
808 1680 1053 1726 potestatem
1081 1676 1132 1713 ad
1161 1676 1406 1713 remittenda
1425 1682 1589 1726 peccata
1601 1692 1668 1726 3—

190 1745 252 1782 18.
300 1748 342 1781 et
389 1743 525 1779 tribue
572 1742 633 1778 illi
675 1741 916 1778 facultatem
954 1740 1006 1777 ad
1044 1738 1299 1777 dissolvenda
1335 1740 1469 1777 omnia
1505 1741 1668 1779 vincula

187 1806 417 1857 iniquitatis
447 1804 687 1841 daemonum
716 1807 759 1840 et
787 1802 840 1839 ad
866 1800 1065 1839 sanandos
1091 1813 1227 1838 omnes
1252 1802 1422 1848 morbos,
1444 1805 1485 1840 et
1504 1807 1667 1842 contere

188 1870 383 1908 Satanam
422 1867 497 1904 sub
534 1866 702 1916 pedibus
740 1865 827 1914 ejus
864 1864 1067 1901 velociter.
1125 1862 1203 1900 Per
1241 1863 1446 1901 dominum
1483 1869 1667 1903 nostrum

188 1932 329 1971 Jesum
357 1929 574 1974 Christum,
597 1940 668 1977 per
687 1939 807 1977 quem
830 1926 908 1963 tibi
928 1925 1054 1975 gloria
1074 1937 1165 1963 cum
1184 1925 1269 1975 ipso
1288 1929 1330 1962 et
1350 1925 1506 1976 Spiritu
1525 1931 1667 1966 sancto

187 1995 232 2031 in
250 1992 409 2031 saecula
429 1990 689 2027 saeculorum.
746 1987 916 2025 Amen.''

273 2056 335 2093 19.
366 2054 464 2091 Post
492 2052 591 2089 haec
620 2054 861 2088 convertant
889 2062 931 2087 se
959 2061 1095 2087 omnes
1122 2048 1173 2085 ad
1199 2061 1299 2095 eum,
1322 2048 1548 2087 osculantes
1574 2063 1666 2089 eum

188 2119 233 2156 in
268 2130 378 2167 pace,
418 2115 511 2165 quia
548 2114 617 2151 ille
654 2113 728 2151 hoc
760 2112 1073 2151 meretum—20.
1116 2111 1322 2149 Diaconus
1351 2116 1490 2149 autem
1522 2113 1666 2152 afferat

188 2181 424 2224 oblationes,
466 2181 507 2214 et
545 2177 614 2213 ille
651 2176 721 2225 qui
758 2175 890 2212 factus
929 2180 991 2212 est
1029 2174 1248 2223 episcopm,
1282 2174 1464 2224 imponat
1500 2188 1665 2214 manum

189 2257 307 2294 super
335 2240 608 2280 oblationibus
637 2252 719 2276 una
748 2251 838 2276 cum
865 2237 1124 2288 presbyteris,
1152 2236 1287 2273 dicens
1303 2237 1430 2274 2—21.
1462 2236 1506 2275 ‘O
1527 2237 1665 2287 Κύριος

189 2307 283 2357 μετὰ
295 2304 574 2345 mimium—22.
613 2302 872 2352 Respondeat
904 2301 1099 2351 populus:
1134 2299 1226 2336 “Et
1260 2312 1350 2337 cum
1380 2301 1526 2350 spiritu
1556 2300 1663 2338 tu0.''

188 2370 307 2407 —23.
340 2369 489 2407 Dicat:
513 2365 617 2405 '‘Avw
643 2367 743 2415 ὑμῶν
766 2366 832 2405 τὰς
862 2363 1145 2413 καρδίας.-24.
1177 2362 1437 2413 Respondeat
1464 2364 1662 2413 populus:

183 2429 351 2481 ’Έχομεν
396 2432 490 2481 πρὸς
535 2427 602 2467 τὸν
648 2427 922 2477 Κύριον.--25.
976 2423 1325 2477 Εὐχαριστήσωμεν
1374 2429 1425 2475 τῷ
1470 2425 1664 2475 Κυρίῳ.-

191 2493 255 2530 26.
297 2492 353 2529 Et
389 2491 655 2541 respondeat:
697 2488 830 2534 ’Ἄξιον
859 2488 920 2526 καὶ
949 2487 1097 2533 δίκαιον,
1127 2485 1253 2537 [quod
1290 2486 1515 2535 significat:
1563 2486 1663 2535 Dig-

190 2567 288 2591 num
325 2551 540 2604 est.]—27.
589 2551 735 2601 Postea
784 2553 920 2587 autem
972 2548 1082 2586 dicat
1133 2548 1355 2586 orationem
1392 2551 1434 2586 et
1479 2547 1663 2598 perficiat

193 2617 366 2656 missam.
