1747 3121
145 229 230 270 496
771 229 1002 262 APPENDIX.

146 337 242 375 dum
271 337 474 384 dicuntur,
504 336 669 388 grandis
698 347 810 372 mora
838 334 886 370 fit
912 337 959 370 ut
985 333 1058 370 fiat
1083 333 1206 370 missa
1229 333 1417 370 ecclesiae
1431 346 1443 380 3
1473 336 1516 370 et
1534 333 1624 370 ideo

147 405 242 438 ante
270 405 456 451 quartam
484 400 634 445 horam,
666 402 739 435 aut
767 397 874 434 forte
906 396 1102 446 quintam,
1135 396 1256 432 missa
1290 394 1410 447 [non]
1443 395 1503 435 fit.
1564 395 1626 432 At

149 464 217 501 ubi
253 468 390 501 autem
427 463 548 499 missa
585 461 695 498 facta
733 459 860 496 fuerit
899 459 1088 496 ecclesiae
1124 458 1247 508 juxta
1292 458 1624 495 consuetudinem

147 540 225 577 qua
272 530 314 563 et
354 525 504 575 ubique
540 524 599 571 fit,
639 527 739 560 tunc
777 522 827 559 de
864 522 1031 559 ecclesia
1068 524 1326 558 monazontes
1363 533 1454 557 cum
1490 521 1623 570 ymnis

141 592 297 628 ducunt
328 592 555 640 episcopum
593 602 718 639 usque
749 589 800 626 ad
831 589 1080 626 Anastasim.
1145 588 1247 626 Cum
1278 592 1415 625 autem
1447 588 1625 637 coeperit

140 654 346 703 episcopus
394 653 531 689 venire
578 665 668 689 cum
715 652 860 702 ymnis,
910 652 1151 702 aperiuntur
1199 652 1332 688 omnia
1386 650 1519 687 hostia
1577 649 1626 687 de

149 721 313 760 basilica
342 718 570 756 Anastasis.
640 717 780 753 Intrat
809 717 937 754 omnis
965 716 1149 766 populuS,
1179 716 1309 753 fidelis
1337 720 1475 755 tamen
1489 731 1500 766 3
1530 732 1624 756 nam

149 782 417 821 cathecumini
455 794 546 818 non.
616 780 673 817 Et
712 783 756 817 at
789 780 859 817 ubi
892 779 1111 816 intraverit
1144 779 1327 829 populus,
1362 780 1493 818 intrat
1527 781 1626 831 epis-

150 859 281 896 copus,
310 848 353 882 et
381 844 523 881 statim
552 842 780 892 ingreditur
807 843 919 879 intra
948 842 1145 880 cancellos
1174 843 1363 892 martyrii
1401 844 1624 894 speluncae.

149 910 330 947 Primum
366 910 545 957 aguntur
583 906 739 955 gratiae
773 905 869 951 Deo,
906 909 947 942 et
981 905 1037 942 sic
1070 904 1117 941 fit
1149 904 1280 942 oratio
1311 917 1385 955 pro
1417 907 1625 956 omnibus3

149 971 401 1023 postmodum
448 970 587 1006 mittet
635 981 771 1006 vocem
819 968 1008 1005 diaconus
1055 972 1098 1005 et
1142 968 1339 1005 inclinent
1381 969 1515 1019 capita
1553 983 1626 1007 sua

149 1047 297 1080 omnes,
336 1030 531 1083 quomodo
563 1034 702 1078 stant3
745 1034 785 1067 et
819 1030 875 1067 sic
914 1029 1124 1067 benedicet
1163 1043 1229 1068 eos
1267 1032 1474 1080 episcopus
1512 1036 1627 1071 stans

148 1100 257 1135 intra
282 1095 478 1133 cancellos
507 1094 732 1139 interiores,
757 1097 799 1130 et
828 1092 1082 1142 postmodum
1111 1092 1329 1141 egreditur.
1389 1093 1628 1144 Egredienti

150 1164 285 1197 autem
323 1159 506 1208 episcopo
543 1168 679 1194 omnes
717 1154 768 1192 ad
806 1169 969 1193 manum
1007 1155 1212 1195 accedent.
1270 1157 1334 1194 Ac
1373 1157 1428 1194 sic
1466 1161 1538 1203 est,
1580 1160 1627 1194 ut

149 1235 270 1273 prope
303 1233 428 1271 usque
461 1219 513 1257 ad
546 1219 731 1269 quintam
764 1222 836 1254 aut
869 1221 1025 1255 sextam
1059 1217 1199 1255 horam
1232 1220 1457 1269 protraitur
1494 1220 1626 1259 missa.

147 1285 254 1323 Item
285 1291 325 1322 et
356 1284 408 1321 ad
447 1285 655 1321 lucernare
693 1284 878 1319 similiter
917 1282 964 1319 fit
997 1283 1120 1331 juxta
1158 1280 1491 1318 consuetudinem
1530 1280 1628 1316 coti-

147 1347 318 1384 dianam.

229 1408 344 1445 Haec
371 1420 464 1457 ergo
490 1406 737 1445 consuetudo
761 1406 928 1455 singulis
957 1405 1097 1443 diebus
1127 1405 1186 1441 ita
1213 1416 1284 1454 per
1313 1407 1445 1440 totum
1475 1413 1625 1439 annum

147 1471 389 1517 custoditur,
432 1470 611 1519 exceptis
651 1469 790 1506 diebus
839 1467 1097 1512 sollennibus,
1142 1467 1285 1516 quibus
1323 1468 1364 1502 et
1401 1464 1497 1514 ipsis
1535 1474 1625 1512 que-

145 1533 400 1572 madmodum
438 1534 511 1569 fiat
548 1532 657 1569 infra
691 1531 983 1569 annotavimus.
1045 1529 1135 1566 Hoc
1173 1533 1309 1566 autem
1347 1528 1454 1564 inter
1492 1525 1625 1563 omnia

146 1597 246 1633 satis
283 1596 542 1645 praecipuum
580 1599 641 1632 est
673 1594 780 1644 quod
817 1593 987 1638 faciunt,
1020 1595 1067 1629 ut
1097 1591 1240 1641 psalmi
1278 1589 1341 1626 vel
1379 1587 1624 1637 antiphonae

151 1661 237 1711 apti
266 1670 420 1707 semper
448 1657 647 1701 dicantur,
680 1661 765 1691 tam
795 1654 862 1703 qui
891 1657 1009 1690 nocte
1039 1652 1240 1699 dicuntur,
1274 1657 1359 1690 tam
1388 1654 1457 1703 qui
1485 1657 1627 1691 contra

151 1727 320 1768 mature,
360 1724 445 1758 tam
483 1720 606 1757 etiam
644 1718 713 1768 qui
749 1729 819 1766 per
858 1716 963 1754 diem
1000 1716 1064 1752 vel
1102 1720 1219 1753 sexta
1247 1721 1318 1754 aut
1347 1729 1454 1754 nona
1481 1717 1545 1754 vel
1574 1717 1625 1755 ad

151 1788 370 1830 lucernare,
409 1794 565 1832 semper
602 1782 662 1818 ita
700 1780 786 1829 apti
824 1783 866 1816 et
903 1779 963 1815 ita
1000 1779 1271 1826 rationabiles,
1314 1782 1361 1816 ut
1403 1778 1456 1816 ad
1497 1779 1626 1829 ipsam

151 1861 234 1886 rem
261 1847 495 1896 pertineant
530 1855 631 1893 quae
665 1843 810 1892 agitur.
870 1840 925 1878 Et
954 1853 1044 1877 cum
1076 1844 1164 1878 toto
1193 1853 1298 1878 anno
1326 1854 1480 1891 semper
1509 1841 1629 1878 domi-

150 1911 241 1947 nica
270 1909 334 1946 die
362 1908 406 1944 in
434 1906 600 1944 ecclesia
626 1905 777 1953 majore
803 1901 1054 1952 procedatur,
1078 1902 1119 1939 id
1140 1906 1202 1939 est
1228 1915 1331 1953 quae
1357 1904 1400 1940 in
1426 1902 1628 1953 Golgotha

151 1977 213 2010 est
243 1971 302 2023 (id
330 1974 391 2008 est
419 1973 510 2019 post
540 1966 738 2018 Crucem),
764 1978 885 2015 quam
911 1964 1008 2002 fecit
1036 1963 1340 2012 Constantinus,
1363 1979 1444 2003 una
1464 1969 1628 2003 tantum

152 2035 217 2072 die
255 2032 464 2078 dominica,
506 2030 547 2067 id
585 2033 646 2066 est
686 2027 1120 2077 Quinquagesimarum
1160 2040 1229 2077 per
1267 2026 1545 2074 Pentecosten,
1585 2029 1629 2065 in

153 2097 262 2146 Syon
298 2094 544 2145 proceditur,
583 2092 686 2128 sicut
724 2090 832 2127 infra,
865 2093 1105 2126 annotatum
1137 2089 1353 2126 invenietis
1366 2103 1377 2137 3
1408 2090 1463 2127 sic
1493 2094 1629 2127 tamen

152 2161 196 2197 in
243 2157 361 2208 Syon,
411 2160 459 2193 ut
501 2159 719 2203 antequam
757 2153 810 2189 sit
847 2151 946 2189 hora
984 2152 1109 2188 tertia
1146 2152 1214 2188 et1
1252 2152 1349 2189 illuc
1386 2156 1512 2199 eatur,
1554 2153 1627 2190 fiat

152 2221 324 2272 primum
342 2219 462 2256 missa
481 2218 525 2254 in
544 2216 748 2254 ecclesiam
769 2214 991 2263 maj0rem.²

329 2297 351 2318 ξ
515 2293 537 2315 εκ
701 2293 721 2312 ae
885 2293 906 2312 ἃ
1070 2291 1092 2311 -1-
1254 2291 1276 2311 ἃ
1436 2290 1458 2312 -ι-

223 2422 232 2439 ¹
257 2422 274 2453 I
291 2420 415 2461 supply
435 2422 475 2452 et.
524 2418 578 2450 On
594 2417 676 2456 this,
692 2427 748 2449 see
764 2417 871 2459 infra,
887 2426 918 2457 p.
938 2417 1010 2448 516.

219 2474 231 2491 ²
255 2473 288 2503 A
318 2471 390 2502 leaf
417 2471 447 2502 is
474 2470 628 2510 wanting
658 2468 748 2500 here.
792 2468 827 2499 It
857 2467 1049 2506 contained,
1072 2467 1205 2499 besides
1235 2468 1465 2501 observations
1494 2480 1537 2502 on
1568 2472 1628 2504 the

156 2524 315 2563 ordinary
339 2522 433 2562 days,
457 2521 517 2553 the
546 2520 737 2561 beginning
767 2518 804 2550 of
831 2518 892 2550 the
922 2518 1129 2559 description
1159 2519 1196 2549 of
1224 2518 1285 2550 the
1315 2519 1471 2553 festivals
1494 2531 1537 2554 on
1567 2523 1628 2556 the

158 2575 328 2615 Nativity.
378 2573 489 2604 These
512 2572 669 2604 festivals
693 2570 773 2602 took
796 2571 894 2612 place
909 2571 946 2602 at
968 2570 1160 2602 Jerusalem
1183 2580 1226 2601 on
1250 2571 1309 2602 the
1325 2571 1386 2603 eth
1402 2572 1439 2603 of
1459 2573 1626 2616 January‚

157 2627 227 2660 and.
248 2628 307 2658 not
330 2636 372 2657 on
395 2624 455 2656 the
478 2624 561 2656 25th
577 2624 613 2655 of
636 2623 824 2655 December
837 2623 911 2664 (see
933 2623 1048 2662 above,
1064 2633 1095 2664 p.
1113 2623 1203 2665 259).
1253 2624 1365 2656 There
1387 2635 1456 2658 was
1479 2637 1500 2658 a
1523 2628 1625 2668 night

157 2679 293 2711 Station
308 2679 344 2708 at
359 2676 578 2714 Bethlehem,
595 2674 663 2705 and
677 2684 698 2705 a
714 2674 783 2714 day
800 2674 894 2705 Mass
910 2677 945 2705 at
960 2673 1160 2705 Jerusalem.
1202 2673 1275 2706 The
1292 2676 1482 2715 procession
1500 2678 1630 2709 started

158 2728 242 2759 from
260 2724 474 2757 Bethlehem.
522 2723 573 2756 Of.
593 2733 706 2764 supra.
724 2732 758 2763 p.
778 2723 850 2755 265.
