1747 3121
163 217 248 259 462
787 221 1019 253 APPENDLX.

168 333 209 368 et
246 329 296 367 de
333 330 420 379 ipsa
458 330 558 367 facit
592 341 749 366 crucem
781 340 901 377 super
932 327 1106 373 calicem,
1141 327 1309 365 dicendo
1341 331 1517 366 secreto:
1556 327 1651 365 Fiat

167 392 366 431 conmixtio
396 397 432 429 et
460 391 690 430 consecratio
720 395 762 428 et
791 390 959 439 reliqua.
1019 390 1179 427 Deinde
1210 390 1419 428 confirmat
1451 390 1649 440 pontifex,

166 459 335 493 tenente
372 455 519 492 calicae
557 454 608 491 ab
646 452 940 490 archidiacono.
1010 453 1172 490 Deinde
1209 454 1415 503 accipiunt
1452 454 1651 503 aepiscopi

168 518 232 555 vel
261 517 477 567 presbiteri
508 519 651 553 sancta
681 515 731 552 de
761 528 885 551 manu
916 515 1119 564 pontificis
1150 518 1192 552 et
1222 515 1380 552 vadunt
1409 515 1454 552 in
1486 515 1651 552 sinistra

167 585 284 631 parte
313 581 465 626 altaris,
496 583 538 616 et
566 582 727 628 ponunt
754 591 899 615 manus
930 590 1019 615 cum
1047 582 1190 615 sancta
1219 591 1338 628 super
1366 578 1497 615 altare
1525 581 1567 616 et
1595 579 1651 616 sic

168 642 476 681 communicant.
537 640 709 686 Quando
746 640 948 690 incipiunt
986 641 1161 689 episcopi
1198 640 1263 677 vel
1300 640 1516 690 presbiteri
1552 653 1652 678 com-

168 706 382 750 municare,
423 708 522 741 tunc
560 703 675 740 vadit
713 703 1020 740 archidiaconus
1059 704 1103 740 in
1142 703 1287 740 dextra
1331 707 1449 753 parte
1496 703 1647 750 altaris,

168 773 282 807 stans
307 772 404 805 ante
430 780 520 804 eum
547 767 717 805 acolitus
744 780 834 804 cum
858 767 969 804 sciffo
989 767 1131 816 priore,
1155 772 1196 804 et
1217 766 1439 804 adnunciat
1459 767 1647 813 stacione,

168 835 210 869 et
246 830 496 879 respondunt
534 842 694 866 omnes:
742 828 828 866 Deo
866 829 1031 878 qraciase.
1101 828 1157 866 Et
1197 833 1297 866 tunc
1343 829 1555 879 perfundit
1601 829 1653 867 de

168 895 315 932 calicae
344 894 389 930 in
418 892 539 930 sciffo.
600 891 759 929 Deinde
791 892 863 929 dat
895 892 1058 929 calicem
1089 892 1141 929 ad
1174 892 1403 942 episcopum
1437 893 1507 942 qui
1539 893 1652 942 prius

170 956 481 995 communicavit
512 959 554 992 et
582 955 697 992 vadit
725 955 776 992 ad
806 955 1035 1005 pontificem
1062 959 1104 992 et
1131 955 1278 1004 accipit
1299 960 1441 992 sancta
1460 955 1510 993 de
1528 968 1652 993 manu

169 1022 306 1072 ipsius,
345 1020 532 1057 similiter
569 1024 611 1056 et
649 1019 720 1055 alii
758 1019 927 1056 diaconi.
997 1018 1054 1055 Et
1092 1018 1248 1055 vadunt
1286 1019 1330 1055 in
1360 1019 1506 1056 dextra
1535 1023 1653 1069 parte

169 1083 310 1121 altaris
341 1086 382 1119 et
413 1081 726 1119 communicant.
795 1079 954 1118 Deinde
988 1081 1279 1118 confirmantur
1316 1080 1369 1118 ab
1407 1081 1591 1131 episcopo
1628 1095 1653 1118 3

169 1158 246 1197 quo
274 1148 316 1181 et
344 1143 560 1194 presbiteri
589 1143 815 1180 confirmati
849 1148 955 1179 sunt.
1029 1142 1190 1180 Deinde
1224 1143 1492 1180 communicat
1524 1145 1654 1193 ponti-

169 1210 237 1247 fex
265 1207 511 1257 primicerios
541 1210 583 1243 et
611 1205 940 1245 secundicaerios.
999 1205 1160 1243 Deinde
1186 1206 1329 1256 recipit
1349 1205 1653 1244 archidiaconus

171 1273 332 1310 calicem
364 1271 415 1308 ab
447 1270 644 1320 episcopo,
677 1274 718 1306 et
748 1269 914 1306 veniens
952 1269 1233 1318 subdiaconus,
1268 1268 1422 1307 habens
1461 1271 1654 1309 colatorio

171 1337 324 1373 minore
362 1334 406 1370 in
442 1346 566 1369 manu
606 1345 687 1378 sua,
730 1332 896 1382 expellit
935 1337 1077 1369 sancta
1116 1332 1166 1370 de
1200 1333 1359 1379 calicae,
1389 1337 1431 1370 et
1461 1335 1577 1383 ponit
1608 1348 1655 1372 ea

170 1400 216 1436 in
251 1398 365 1436 fonte
402 1396 535 1445 priore
573 1395 682 1432 unde
720 1395 1023 1433 archidiaconus
1062 1396 1182 1433 debet
1221 1396 1456 1434 confirmare
1493 1397 1653 1446 populo,

172 1465 214 1499 et
251 1460 449 1498 devacuat
490 1458 651 1495 calicem
689 1457 993 1495 archidiaconus
1031 1458 1075 1494 in
1113 1458 1287 1495 secundo
1331 1458 1466 1504 calice,
1514 1463 1557 1496 et
1604 1460 1654 1497 de

172 1525 258 1574 ipso
294 1521 505 1572 perfundit
544 1520 744 1558 acolithus
781 1521 825 1557 in
861 1520 975 1557 fonte
1012 1521 1178 1569 priorae.
1249 1521 1409 1559 Deinde
1446 1521 1655 1560 descendit

171 1586 357 1637 pontifex
387 1584 439 1621 ad
469 1583 843 1621 communicandum
871 1583 1075 1632 populum,
1102 1587 1143 1620 et
1173 1584 1320 1621 annuit
1348 1584 1655 1622 archidiaconus

173 1650 279 1688 scola
307 1652 355 1685 ut
384 1648 544 1685 dicatur
573 1646 799 1696 antiphona
828 1646 879 1683 ad
909 1647 1237 1684 communionem.
1297 1646 1354 1683 Et
1380 1646 1477 1684 dum
1503 1647 1654 1685 dixerit

173 1712 291 1758 scola,
322 1713 514 1760 repetunt
544 1708 780 1746 subdiaconi
809 1708 858 1745 de
887 1708 1051 1745 sinistra
1077 1711 1194 1758 parte
1222 1708 1398 1746 cancello
1420 1709 1529 1746 infra
1548 1709 1656 1747 thro-

174 1787 280 1811 num.
340 1772 397 1810 Et
436 1772 532 1809 dum
570 1771 853 1808 communicati
890 1770 1045 1807 fuerint
1076 1770 1252 1819 primati,
1286 1771 1456 1818 tribuni,
1489 1772 1655 1809 comites

175 1841 218 1874 et
243 1836 398 1886 judices
430 1839 472 1872 et
503 1838 682 1871 caeteros
714 1846 812 1883 quos
843 1833 1027 1879 voluerit,
1063 1833 1178 1870 vadit
1212 1833 1261 1870 de
1293 1837 1411 1883 parte
1443 1833 1655 1871 mulierum

174 1899 282 1936 infra
320 1897 552 1942 cancellum,
593 1900 635 1932 et
674 1895 831 1932 diaconi
868 1900 960 1944 post
997 1896 1141 1944 ipsum,
1181 1895 1464 1933 confirmantes
1473 1897 1657 1946 5popu10‚

176 1961 335 1999 Deinde
374 1959 535 2010 quando
568 1958 686 2008 jubet
731 1958 952 1995 revertitur
999 1958 1049 1995 ad
1097 1958 1231 1995 sedem
1277 1971 1400 2004 suam,
1451 1948 1494 1996 e't
1541 1963 1655 1996 stant

176 2024 403 2062 sacerdotes
456 2022 507 2059 ad
559 2020 935 2058 communicandum
982 2021 1047 2058 vel
1096 2021 1415 2058 confirmandum
1465 2022 1656 2071 populum

176 2087 283 2125 infra
311 2085 605 2135 presbiterium.
666 2083 721 2120 Et
752 2084 917 2120 interim
947 2082 1133 2133 pontifex
1165 2083 1278 2120 sedet
1306 2084 1351 2120 in
1379 2083 1471 2121 sede
1500 2097 1584 2131 sua,
1614 2089 1656 2122 et

178 2154 262 2188 stat
300 2152 395 2185 ante
436 2160 526 2184 eum
565 2146 735 2183 acolitus
773 2159 862 2183 cum
901 2150 1043 2182 sancta
1087 2150 1247 2196 patena,
1297 2150 1339 2183 et
1385 2147 1557 2183 veniunt
1603 2146 1656 2184 ad

177 2225 267 2249 eum
305 2209 549 2254 subdiaconi,
585 2208 736 2245 notarii
769 2208 833 2245 vel
866 2208 1094 2257 regionarii⁵
1128 2211 1169 2245 et
1204 2208 1471 2245 communicat
1504 2221 1583 2255 eos,
1613 2212 1656 2246 et

178 2272 470 2309 confirmantur
490 2283 514 2305 a
534 2269 713 2306 diacono.

258 2332 419 2370 Deinde
450 2335 563 2368 stant
593 2331 745 2368 notarii
775 2334 871 2367 ante
903 2343 994 2368 eum
1025 2335 1211 2368 tenentes
1243 2331 1457 2369 calamario
1487 2336 1529 2369 et
1562 2332 1655 2370 dho-

177 2410 286 2435 mum
323 2397 366 2433 in
403 2409 536 2441 manu,
577 2398 619 2431 et
657 2394 722 2431 cui
759 2394 933 2431 voluerit
978 2394 1164 2443 pontifex
1210 2394 1398 2440 invitare,
1443 2394 1561 2445 jubet
1607 2399 1655 2432 ut

178 2459 407 2497 scribantur
440 2458 603 2495 nomina
633 2458 822 2506 ipsorum.
885 2456 941 2493 Et
972 2456 1223 2494 descendunt
1254 2456 1403 2494 notarii
1434 2470 1459 2493 a
1489 2456 1583 2494 sede
1613 2461 1655 2494 et

179 2523 429 2560 adnunciant
448 2522 499 2558 ad
520 2522 625 2571 ipsos
645 2521 713 2570 qui
733 2521 874 2570 scripti
893 2524 999 2557 sunt.

260 2583 316 2620 Et
349 2583 509 2619 interim
537 2583 650 2619 venit
684 2581 866 2619 sacerdos
904 2586 946 2619 et
977 2582 1244 2619 communicat
1278 2581 1393 2626 scola,
1434 2585 1476 2618 et
1514 2586 1654 2619 tenens

183 2650 351 2696 quartus
393 2644 547 2681 fontem
584 2645 628 2680 in
665 2657 798 2690 manu,
839 2644 943 2694 quod
978 2644 1144 2693 impleta
1175 2648 1237 2680 est
1277 2642 1325 2680 de
1362 2642 1472 2680 sciffo
1512 2644 1651 2693 primo,
