1747 3121
197 176 283 219 544
828 186 1059 218 APPENmX.

277 285 357 330 Qui
374 297 447 323 nos
466 286 518 324 ad
537 289 696 324 noctem
715 286 835 323 istam
855 297 938 322 non
956 284 1219 322 tenebrarum
1239 283 1309 321 sed
1328 283 1492 321 luminis
1511 286 1684 325 matrem

193 348 411 398 perducere
430 348 624 398 dignatus
644 352 717 395 est,
739 349 784 385 in
803 360 884 398 qua
903 347 1076 385 exhorta
1102 350 1165 385 est
1190 347 1243 384 ab
1274 346 1417 384 inferis
1444 346 1489 384 in
1516 351 1683 384 aeterna

194 410 260 448 die
287 412 529 449 resurrectio
561 414 824 448 mortuorum.
884 409 1037 448 Solutis
1071 410 1221 460 quippe
1250 409 1422 446 nexibus
1452 411 1495 446 et
1523 409 1680 447 calcabo

193 474 334 511 mortis
353 474 491 511 aculeo
510 473 732 510 resurrexit
752 486 776 509 a
795 473 965 510 mortuis
985 473 1054 522 qui
1073 472 1212 509 fuerat
1232 471 1342 508 inter
1361 474 1543 509 mortuos
1563 471 1680 511 liber.

195 535 319 574 Unde
349 540 390 573 et
419 549 502 573 11οΧ
533 536 621 585 ipsa
659 535 827 585 sydereo
863 548 937 585 pro
967 535 1251 572 aecclesiarum
1286 537 1436 571 ornatu
1469 546 1680 571 cereorum

194 598 404 648 splendore
422 603 630 648 tamquam
649 598 733 635 dies
749 598 980 636 illuminata
996 598 1178 645 collucet,
1196 597 1290 647 quia
1305 597 1350 633 in
1369 597 1454 634 eius
1475 597 1681 634 matutino

193 665 429 710 resurgente
461 660 626 698 Christo
663 672 769 697 mors
807 659 955 697 occidit
993 659 1292 708 redemptorum
1317 662 1358 695 et
1389 658 1553 696 emersit
1587 658 1678 695 vita

193 724 456 761 credentium.
514 722 624 760 Vere
650 726 698 761 tu
717 723 920 773 preciosus
948 735 990 759 es
1019 722 1166 772 opifex,
1187 722 1385 759 formator
1415 735 1457 759 es
1485 722 1675 768 omnium,

194 784 259 820 6111
278 784 455 835 qualitas
474 785 519 822 in
538 785 684 835 agendi
703 798 785 823 non
804 785 940 823 fuerat
959 785 1097 831 officio,
1120 784 1192 822 sed
1211 786 1255 822 in
1275 785 1468 822 sermonis
1495 785 1678 835 imperio.

194 850 274 894 Qui
306 854 494 887 ornatum
525 855 647 901 atque
679 851 836 887 abitum
869 849 1022 895 mundi,
1059 862 1134 886 nec
1168 848 1220 886 ad
1254 849 1531 899 ampliandum
1563 850 1678 900 quasi

192 912 308 962 inops
336 913 553 962 potentiae,
576 926 651 951 nec
670 913 723 950 ad
743 911 1012 950 additandum
1042 913 1157 962 quasi
1187 924 1337 961 egenus
1366 912 1519 962 gloriae
1546 912 1679 950 condi-

193 973 301 1012 disti.
358 974 483 1012 Totus
511 988 557 1012 ac
586 975 728 1024 plenus
758 975 802 1011 in
831 978 874 1011 te
905 986 957 1019 63,
989 974 1057 1024 qui
1087 974 1181 1011 dum
1209 987 1280 1023 per
1310 975 1493 1024 virginea
1522 975 1677 1012 viscera

193 1036 344 1074 mundo
364 1037 543 1075 illaberis
562 1038 843 1087 virginitatem
863 1037 987 1074 etiam
1007 1041 1218 1074 creaturae
1238 1037 1504 1076 commendas.

272 1099 384 1148 Apes
421 1099 619 1150 siquidem
657 1100 753 1138 dum
792 1112 860 1137 ore
898 1099 1143 1149 concipiunt,
1176 1113 1244 1138 ore
1277 1101 1528 1150 parturiunt,
1567 1104 1679 1138 casto

192 1173 354 1210 corpore
391 1176 474 1200 non
503 1163 621 1201 foedo
659 1163 856 1200 desiderio
889 1163 1156 1211 copulantur3
1195 1162 1368 1213 denique
1396 1163 1678 1212 virginitatem

192 1228 399 1262 servantes
413 1226 694 1274 posteritatem
709 1229 919 1275 generant,
937 1225 1071 1263 sobole
1085 1225 1264 1275 gaudent
1273 1239 1284 1272 3
1304 1229 1453 1263 matres
1469 1226 1678 1271 dicuntur,

192 1285 373 1324 intactae
386 1286 410 1312 (i)
430 1288 654 1337 perdurant
665 1301 675 1335 3
704 1288 808 1325 filios
828 1291 1026 1337 generant
1041 1292 1083 1325 et
1103 1288 1209 1325 viros
1230 1301 1313 1325 non
1331 1291 1498 1326 norunt.
1557 1287 1678 1325 Flore

192 1352 369 1387 utuntur
397 1352 575 1400 coniuge,
598 1351 693 1388 flore
716 1351 950 1400 funguntur
975 1363 1131 1400 genere,
1158 1351 1254 1388 flore
1284 1350 1420 1389 domos
1447 1352 1674 1397 instruunt,

191 1412 287 1449 flore
316 1412 479 1451 divitias
509 1418 722 1460 conveunt,
754 1414 851 1451 flore
885 1427 1016 1451 ceram
1047 1414 1276 1453 conficiunt.
1337 1414 1371 1451 O
1403 1413 1678 1451 ammirandus

192 1476 327 1525 apium
352 1475 486 1514 fervor
505 1476 557 1514 ad
581 1488 790 1513 commune
813 1488 912 1525 opus
932 1477 938 1512 1
997 1475 1172 1513 Pacifica
1200 1476 1323 1513 turba
1352 1479 1602 1513 concurrunt
1631 1478 1675 1512 et

192 1539 452 1587 operantibus
505 1539 688 1588 plurimis
736 1551 818 1575 una
863 1542 1037 1588 augetur
1078 1538 1324 1576 substantia.
1383 1538 1417 1575 O
1469 1537 1675 1575 invisibile

192 1601 434 1639 artificium!
490 1601 626 1639 Primo
655 1601 830 1638 culmina
856 1613 929 1650 pro
952 1600 1231 1638 fundamentis
1258 1600 1488 1646 aedificant,
1520 1604 1562 1638 et
1587 1604 1673 1637 tam

191 1664 454 1712 ponderosam
490 1664 621 1701 mellis
659 1664 856 1700 sarcinam
901 1663 1172 1712 pendentibus
1219 1663 1432 1701 domiciliis
1473 1664 1676 1713 imponere

191 1739 274 1764 non
309 1732 514 1765 verentur.
581 1727 615 1765 O
663 1726 915 1776 virginitatis
962 1726 1149 1775 insignia,
1195 1739 1296 1775 quae
1334 1739 1417 1763 non
1460 1726 1677 1775 possessori

192 1790 340 1827 damna
357 1788 389 1815 ‘fi'
410 1791 479 1828 sed
509 1790 588 1827 sibi
616 1790 729 1827 lucra
755 1792 1008 1827 convectant.
1066 1789 1280 1826 Auferunt
1301 1789 1464 1837 quidem
1484 1788 1676 1838 praedam

192 1855 234 1888 et
254 1865 343 1888 cum
362 1851 512 1902 praeda
531 1852 696 1889 minime
714 1851 868 1888 tollunt
884 1854 1103 1900 peccatum.
1147 1850 1332 1899 Spoliant
1351 1849 1512 1899 quidem
1533 1850 1675 1887 florum

192 1919 325 1952 cutem
345 1919 386 1952 et
407 1928 612 1952 morsuum
632 1928 715 1952 non
734 1918 937 1951 annotant
957 1914 1196 1951 cicatricem.

273 1977 352 2015 Sed
388 1978 496 2015 inter
539 1977 638 2015 haec
676 1990 779 2027 quae
816 1976 1159 2014 dinumeravimus
1197 1975 1316 2013 huius
1355 1975 1460 2013 cerei
1497 1976 1671 2024 gratiam

191 2041 475 2090 praedicemus,
498 2041 611 2078 cuius
637 2040 733 2077 odor
762 2040 895 2077 suavis
924 2043 986 2076 est
1016 2043 1057 2076 et
1088 2039 1248 2076 flamma
1277 2039 1423 2088 ylaris3
1452 2050 1535 2075 non
1563 2041 1672 2076 tetro

191 2102 312 2140 odore
333 2103 474 2140 arvina
488 2101 530 2127 (ὤ)
551 2102 724 2139 desudat
744 2101 815 2138 sed
835 2101 1122 2139 iocundissima
1134 2102 1348 2147 suavitate,
1367 2101 1436 2150 qui
1453 2101 1675 2150 peregrinis

191 2177 274 2202 non
291 2165 471 2202 inficitur
499 2164 717 2214 pigmentis
737 2164 807 2200 sed
832 2164 1088 2201 illuminatur
1118 2163 1275 2212 Spiritu
1299 2162 1460 2202 Sancto,
1517 2163 1596 2208 Quj
1624 2166 1673 2200 ut

192 2240 380 2264 accensus
417 2228 600 2277 proprias
638 2226 813 2275 corporis
851 2239 1059 2275 compages
1103 2225 1297 2275 depascit,
1336 2226 1396 2262 ita
1438 2225 1672 2275 coagulatas

191 2288 374 2326 lacrimas
393 2290 437 2326 in
459 2289 609 2326 rivulos
629 2288 767 2325 fundit
795 2289 1034 2337 guttarum.1
1090 2288 1250 2338 Quique
1269 2288 1462 2325 semiusta
1491 2288 1670 2325 membra

192 2351 397 2388 ambroseo
440 2352 635 2402 sanguine
682 2351 810 2388 flavea
857 2364 963 2388 vena
1010 2351 1185 2389 distollit
1232 2351 1390 2388 abitum
1427 2351 1531 2388 vivit
1568 2351 1673 2400 ignis

193 2413 426 2451 humorem}

263 2546 307 2593 (i)
326 2546 456 2582 intacte
474 2547 547 2581 cod.
786 2546 838 2592 (ii)
859 2545 987 2581 damno
1007 2547 1078 2582 cod.
1283 2545 1350 2591 (iii)
1373 2557 1393 2581 a
1410 2545 1511 2581 ruina
1530 2547 1598 2581 cod.

503 2634 514 2653 ¹
538 2634 613 2666 The
629 2635 705 2666 text
719 2633 801 2667 here
817 2635 846 2667 is
861 2636 999 2677 corrupt
1015 2635 1082 2668 and
1100 2634 1370 2677 unintelligible.
