1747 3121
540 179 626 208 THE
656 178 809 208 ROMAN
844 175 1056 209 ORDINES.
1446 161 1527 202 467

63 280 287 318 sacerdotes
325 283 476 325 sancta,
518 292 589 317 seu
628 283 670 317 et
708 279 876 326 diaconi,
908 284 949 317 et
991 280 1156 317 interim
1188 279 1376 329 psallitur
1402 282 1532 330 Agmus

64 341 153 379 Dei.
209 340 368 378 Deinde
388 342 654 378 communicat
677 341 862 390 pontifex
882 345 1055 388 tantum,
1077 345 1118 378 et
1138 340 1328 378 diaconus
1357 344 1532 392 cooperit

63 407 204 441 sancta
233 416 302 440 seu
333 406 374 439 et
409 402 555 440 calicae
585 416 703 452 super
736 404 866 440 altare
896 417 986 441 cum
1019 404 1249 453 corporale3
1278 404 1462 441 similiter
1490 409 1532 442 et

64 466 199 503 acoliti
219 465 450 514 cooperiunt
470 465 598 502 sciffos
618 478 707 501 cum
726 466 866 514 pallas,
887 470 1074 503 tenentes
1096 478 1172 504 eos,

144 528 200 565 Et
237 527 349 564 venit
386 526 573 576 pontifex
619 532 715 564 ante
762 528 890 565 altare
928 532 969 565 et
1006 528 1159 565 habens
1197 529 1393 577 suajuva1
1433 529 1534 566 duas

64 591 260 640 ampullas
287 589 395 626 infra
423 590 719 639 presbiterium,
741 604 822 627 una
851 604 940 628 cum
968 591 1147 628 balsamo
1177 591 1358 629 confecto
1386 595 1428 628 et
1456 593 1536 628 alia

65 667 155 692 cum
182 654 267 690 oleo
297 653 519 701 purissimo,
554 657 595 689 et
628 653 741 689 venit
774 653 826 689 ad
863 666 953 690 eum
986 654 1233 703 regionarius
1267 653 1463 691 secundus
1493 659 1535 692 et

65 715 218 764 accepit
249 715 300 751 ab
333 727 378 751 eo
408 713 622 762 ampullam
639 713 665 737 (³)
695 726 783 750 cum
814 714 991 752 balsamo
1016 715 1201 752 involuta
1229 728 1317 752 cum
1349 716 1536 753 mafortio

65 778 207 822 sirico;
238 782 279 814 et
298 777 347 814 de
375 778 459 826 ipso
486 777 601 825 ponit
629 789 747 825 super
776 776 939 825 scapula
967 778 1132 814 sinistra
1162 781 1282 827 caput
1312 791 1437 815 unum
1465 780 1534 828 qui

65 853 152 878 eam
191 844 425 889 recepturus
461 843 523 876 est
538 852 549 886 3
587 839 770 875 similiter
800 839 951 888 recepit
980 853 1067 876 eam
1095 840 1345 889 regionarius
1386 841 1537 890 primus

66 917 90 940 a
130 903 353 952 regionario
372 900 408 925 (fi)
456 901 640 940 secundo.
713 901 869 938 Deinde
907 902 1172 940 subdiaconus
1209 903 1458 952 regionarius
1496 908 1537 940 et

67 964 368 1003 archidiaconus
405 963 514 1000 infra
551 963 725 1000 cancello
771 967 884 1000 stans
932 964 1117 1002 similiter
1164 965 1313 1013 recepit
1360 978 1447 1002 eam
1494 970 1535 1003 et

66 1027 188 1065 vadet
224 1031 321 1064 ante
357 1026 585 1076 pontificem
623 1030 664 1063 et
703 1029 787 1062 stat
825 1030 920 1063 ante
958 1039 1048 1063 eum
1096 1040 1185 1063 cum
1225 1027 1411 1076 ampulla.
1482 1027 1538 1064 Et

66 1090 203 1128 exalat
230 1090 273 1125 in
300 1101 387 1125 eam
415 1087 599 1137 pontifex
626 1088 758 1124 tribus
787 1088 952 1134 vicibus,
976 1092 1017 1125 et
1049 1088 1200 1125 faciens
1234 1101 1390 1126 crucem
1418 1103 1538 1139 super

67 1163 165 1197 eam,
196 1150 387 1188 dicendo:
416 1150 466 1187 In
493 1149 640 1187 ‘nomine
669 1149 805 1186 Patris
834 1155 869 1187 et
899 1150 997 1188 Filii
1027 1156 1062 1187 et
1095 1150 1262 1200 Spiritus
1293 1151 1425 1188 sancti.
1483 1152 1538 1189 Et

67 1213 252 1263 sequitur
290 1212 518 1250 benedictio
557 1211 811 1248 decantando
850 1212 955 1249 sicut
993 1216 1035 1249 et
1080 1212 1176 1249 Vere
1219 1211 1381 1261 diynum.
1441 1213 1538 1263 Ipsa

67 1275 238 1324 expleta,
277 1278 517 1312 revocantur
564 1275 765 1323 ampullae
813 1288 883 1326 per
921 1274 1103 1311 ordinem
1141 1274 1245 1311 sicut
1283 1283 1536 1324 acceperunt.

68 1337 261 1375 Similiter
297 1341 339 1374 et
377 1336 456 1373 alia
490 1335 668 1384 ampulla
706 1350 795 1374 cum
834 1337 919 1374 oleo
956 1337 1169 1385 purissimo
1207 1340 1394 1385 portatur
1440 1342 1537 1376 ante

68 1400 296 1450 pontificem
323 1400 374 1436 ab
402 1400 483 1436 alio
513 1397 689 1445 diacono,
723 1401 827 1437 sicut
856 1399 1066 1448 superius3
1095 1403 1135 1435 et
1165 1398 1249 1435 alat
1277 1400 1321 1436 in
1349 1413 1436 1437 eam
1462 1405 1535 1448 ter,

69 1462 172 1499 sicut
200 1474 331 1510 supra.
389 1460 547 1498 Deinde
576 1460 779 1498 benedicit
813 1474 900 1499 eam
934 1464 1095 1506 secreto,
1127 1465 1168 1497 et
1200 1461 1348 1498 iterum
1374 1469 1536 1500 revocat

69 1538 156 1562 eam
175 1525 226 1562 ad
241 1524 423 1573 suajum,
438 1538 509 1574 per
529 1525 720 1570 ordinem,
739 1525 843 1562 sicut
858 1524 1049 1573 superius,
1100 1524 1258 1561 Deinde
1273 1526 1539 1562 communicat

70 1591 238 1625 cunctus
267 1588 394 1624 clerus
422 1600 492 1624 seu
521 1591 562 1624 et
588 1587 737 1637 populi.
794 1586 920 1623 Missa
954 1586 1158 1635 completa,
1192 1585 1290 1622 dicit
1323 1586 1538 1627 diaconus:

70 1649 141 1695 Ite,
163 1649 278 1686 missa
298 1654 363 1686 est.
422 1648 478 1685 Et
498 1653 757 1686 reservantur
778 1652 920 1685 sancta
940 1660 1064 1697 usque
1084 1649 1127 1684 in
1147 1648 1379 1684 crastinum.

768 1926 852 1965 III.

554 2078 672 2116 Fer-ia
712 2078 778 2116 VI.
821 2077 1070 2115 Parasceven.

154 2224 292 2262 Media
329 2227 446 2260 nocte
492 2222 736 2271 surgendum
783 2227 845 2259 est
861 2235 872 2268 ;
912 2234 984 2258 nec
1031 2232 1139 2257 more
1186 2219 1304 2256 solito
1352 2219 1455 2256 Deus
1504 2221 1543 2257 in

75 2287 302 2339 adjutorium
339 2297 458 2321 meum
500 2297 573 2321 nec
620 2284 903 2321 invitatorium
951 2283 1150 2320 dicuntur.
1210 2282 1361 2320 VHII..
1402 2283 1543 2331 psalmi

649 2445 689 2491 (i)
717 2444 898 2490 ampullas.

639 2501 690 2547 (ii)
716 2499 989 2545 subregionario.

549 2624 560 2646 ¹
584 2624 671 2656 This
686 2624 716 2656 is
731 2623 791 2656 the
806 2623 897 2657 word
912 2623 1105 2668 subadjuva.
