1747 3121
146 195 149 198 ’
160 206 243 247 530
793 211 1024 243 APPENDIX.

157 325 351 364 pugnare,
385 315 564 349 ceterum
601 313 739 347 autem
775 308 827 346 ab
861 307 970 345 omni
1005 306 1113 344 mala
1150 306 1311 356 loquela
1348 307 1634 345 abstinuerunt

157 390 288 427 neque
308 388 471 414 coronas
491 373 692 424 capitibus
711 372 1001 421 imposuerunt,
1023 382 1139 407 omne
1160 370 1319 419 signum
1339 372 1476 407 autem
1496 369 1635 419 adepti

158 444 268 478 sunt.
299 467 308 476 .
341 467 350 476 .
381 436 513 475 .—73.
544 434 686 472 Omnis
705 436 843 470 autem
861 431 979 469 homo
998 432 1070 482 qui
1088 431 1140 469 ad
1159 431 1329 481 gradum
1357 431 1636 481 praefecturae

158 502 222 539 vel
259 498 567 551 praecedentiae
596 496 661 533 vel
696 495 913 545 potestatis
951 493 1146 540 elevatus,
1177 497 1414 531 ornamento
1449 493 1636 544 justitiae

159 563 266 615 quod
286 566 346 600 est
367 559 587 598 secundum
613 557 880 607 Evangelium
908 569 990 594 non
1017 556 1216 603 induitur,
1236 556 1300 593 hic
1319 570 1343 593 a
1363 568 1482 605 grege
1510 568 1636 605 segre-

158 630 287 676 getur,
319 636 420 661 neve
451 623 659 672 episcopus
690 633 822 658 coram
852 619 923 656 illo
953 618 1173 657 oret—74.
1208 618 1464 656 Christianus
1491 632 1543 656 ne
1562 619 1635 656 fiat

158 688 318 739 propria
338 686 552 723 voluntate
572 684 686 720 miles
705 683 784 719 nisi
804 682 859 719 sit
878 686 1038 719 coactus
1057 695 1081 718 a
1096 681 1207 718 duce.
1258 681 1425 719 Habeat
1443 681 1632 731 gladium,

159 753 300 789 caveat
337 752 476 785 tamen
512 759 563 783 ne
601 745 779 782 criminis
816 744 1025 794 sanguinis
1063 743 1179 781 effusi
1215 743 1288 781 fiat
1325 743 1551 784 reus—75.
1593 744 1636 782 Si

160 815 407 861 compertum
437 813 499 847 est
529 808 768 858 sanguinem
797 807 850 844 ab
880 820 926 845 eo
957 819 1042 845 esse
1070 806 1252 852 effusum,
1273 820 1297 843 a
1325 806 1636 856 participatione

159 874 443 925 mysteriorum
473 871 690 916 abstineat,
723 869 804 907 nisi
834 868 941 906 forte
970 868 1166 917 singulari
1196 869 1453 905 conversione
1482 881 1637 906 morum

160 950 250 976 cum
280 934 456 973 lacrimis
485 938 527 971 et
558 933 728 983 planctu
758 935 960 969 correctus
991 931 1080 968 erit.
1139 930 1342 968 Attamen
1371 930 1457 981 ejus
1487 930 1637 968 donum

160 1012 211 1038 ne
247 999 302 1035 sit
339 998 490 1042 fictum,
531 995 601 1033 sed
639 1007 729 1032 cum
765 994 911 1031 timore
949 991 1158 1031 Det—76.
1189 992 1428 1030 Fornicator
1465 993 1530 1030 vel
1566 993 1638 1044 qui

160 1064 349 1113 questum
380 1071 430 1096 ex
461 1057 729 1095 fornicatione
758 1056 929 1106 quaerit,
951 1055 1015 1092 vel
1044 1054 1246 1101 cinaedus,
1275 1054 1472 1104 imprimis
1499 1058 1638 1092 autem

160 1127 232 1178 qui
250 1124 460 1164 mendacia
480 1123 592 1170 dicit,
614 1121 760 1160 deinde
787 1121 916 1159 omnis
945 1133 1076 1159 socors
1101 1120 1166 1157 vel
1196 1119 1388 1169 οἰωνιστής
1409 1120 1475 1158 vel
1499 1132 1639 1170 magus

160 1189 225 1226 vel
272 1187 509 1236 astrologuS,
558 1185 747 1230 hariolus,
788 1184 1034 1221 somniorum
1080 1182 1290 1232 interpreS,
1339 1182 1637 1232 praestigiator,

162 1250 395 1289 concinator
426 1249 497 1298 qui
528 1247 685 1297 plebem
715 1245 768 1283 ad
800 1246 941 1283 turbas
975 1244 1274 1294 seditionesque
1307 1250 1543 1292 commonet,
1574 1244 1640 1282 vel

162 1313 233 1363 qui
260 1310 513 1362 phylacteria
538 1309 711 1355 conficit,
731 1308 950 1353 usurarius,
972 1307 1191 1358 injuriosus
1210 1306 1274 1344 vel
1303 1311 1459 1345 amator
1485 1307 1636 1354 mundi,

161 1375 233 1426 qui
269 1373 513 1425 juramentis
551 1372 789 1417 delectatur,
821 1371 1118 1421 qualiacunque
1150 1369 1235 1406 sint
1273 1375 1535 1417 sacramenta,
1569 1372 1641 1421 qui

162 1437 401 1474 offensiones
421 1434 494 1472 dat
522 1433 751 1471 hominibus
770 1433 834 1470 vel
862 1432 1099 1470 foeneratur
1118 1432 1182 1468 vel
1210 1431 1390 1469 homines
1419 1434 1642 1471 contemnit

165 1499 229 1536 vel
257 1498 377 1536 horas
406 1496 573 1546 diesque
599 1495 822 1545 praeeligit,
851 1493 1048 1544 quasdam
1075 1506 1161 1531 esse
1189 1494 1403 1541 infaustas,
1433 1495 1476 1532 hi
1504 1509 1642 1534 omnes

163 1565 206 1599 et
226 1561 297 1612 qui
316 1559 466 1597 similes
491 1561 589 1595 sunt
617 1557 680 1594 his
707 1569 840 1607 neque
867 1555 1097 1593 instruendi
1125 1568 1257 1605 neque
1282 1557 1518 1605 baptizandi
1545 1561 1642 1596 sunt

163 1625 288 1662 donec
335 1623 386 1660 ab
428 1620 613 1659 omnibus
658 1619 811 1656 talibus
857 1618 1043 1668 operibus
1089 1617 1456 1660 abstineant—77,
1504 1619 1642 1658 Trium

163 1686 331 1723 testium
363 1683 660 1721 asseveratione
689 1694 788 1731 opus
819 1685 893 1727 cst,
922 1681 994 1730 qui
1023 1683 1229 1717 testentur
1259 1680 1349 1718 illos
1379 1682 1431 1718 ab
1458 1683 1643 1720 omnibus

164 1748 317 1785 talibus
354 1745 542 1784 nefandis
579 1744 768 1794 operibus
797 1742 883 1793 jam
917 1742 1251 1781 resiluisse—78.
1284 1742 1380 1780 Non
1412 1757 1504 1781 raro
1535 1745 1644 1782 enim

163 1810 213 1847 fit
240 1813 288 1847 ut
317 1809 498 1846 homines
526 1819 654 1858 usque
682 1806 734 1844 ad
762 1809 1013 1843 senectutem
1045 1805 1260 1854 propositis
1291 1806 1374 1842 suis
1404 1806 1644 1845 inhaereant

164 1873 244 1911 nisi
270 1884 425 1909 summa
444 1871 486 1907 vi
510 1867 895 1907 contendant—79.
927 1866 1080 1912 Quodsi
1108 1871 1199 1916 post
1230 1867 1474 1917 baptismum
1503 1869 1548 1906 in
1572 1870 1644 1907 illa

165 1948 266 1986 quae
303 1932 616 1983 significavimus
653 1931 867 1968 criminosa
904 1929 1059 1978 flagitia
1095 1929 1243 1979 relapsi
1280 1930 1557 1978 inveniuntur,
1593 1944 1644 1969 ex

165 1998 331 2036 ecclesia
349 1995 616 2046 expellantur,
634 1993 760 2031 donec
778 1993 1071 2043 poenitentiam
1085 1993 1242 2043 egerint
1262 2006 1353 2031 cum
1367 1993 1475 2041 fletu,
1490 1993 1646 2045 jejunio

165 2065 206 2099 et
226 2060 412 2110 operibus
430 2056 736 2095 misericordiae.

248 2123 312 2160 ὅΟ.
343 2122 387 2159 Si
416 2120 671 2167 christianus,
707 2122 924 2168 postquam
961 2130 1051 2155 cum
1090 2117 1314 2155 concubina
1349 2118 1512 2168 speciali
1542 2119 1646 2157 vivit

166 2197 270 2235 quae
289 2197 340 2222 ex
365 2184 452 2233 ipso
479 2182 638 2232 peperit
666 2180 804 2227 filium,
827 2181 897 2217 illa
927 2184 1062 2230 spreta
1090 2192 1256 2217 uxorem
1285 2181 1431 2219 ducere
1459 2182 1560 2228 vult,
1583 2186 1646 2220 est
1688 2208 1691 2212 «

166 2249 314 2286 occisor
341 2246 526 2292 hominis,
548 2245 628 2282 nisi
645 2243 751 2281 forte
769 2244 813 2280 in
831 2243 1098 2281 fornicatione
1125 2244 1238 2280 illam
1266 2242 1647 2293 deprehenderit.—

168 2311 230 2348 81.
260 2309 410 2347 Mulier
435 2308 563 2345 libera
581 2319 632 2343 ne
650 2306 788 2343 veniat
808 2310 922 2343 veste
941 2306 1150 2355 variegata
1170 2305 1222 2343 ad
1242 2305 1460 2352 ecclesiam,
1483 2307 1646 2344 tametsi

167 2374 223 2410 sic
259 2372 431 2409 maritus
468 2369 719 2420 praescribit,
759 2381 862 2405 neve
899 2368 1030 2405 crines
1069 2368 1261 2405 demittat
1299 2368 1460 2414 solutos,
1496 2367 1646 2406 habeat

166 2434 301 2485 potius
329 2432 494 2483 capillos
522 2431 748 2481 complexos
775 2431 821 2467 in
848 2430 964 2468 domo
993 2430 1084 2477 Dei,
1108 2442 1209 2467 neve
1237 2429 1364 2467 faciat
1392 2430 1514 2467 cirros
1541 2429 1646 2467 fron-

166 2497 270 2535 tales
301 2497 347 2533 in
375 2496 506 2544 capite
540 2493 704 2544 quando
735 2494 827 2531 vult
863 2494 1108 2543 participare
1137 2494 1341 2543 mysteriis
1374 2493 1644 2542 sacris3—82.

168 2572 268 2597 neve
305 2557 376 2596 det
413 2557 591 2594 infantes
629 2567 730 2606 quos
767 2556 924 2606 peperit
961 2556 1202 2602 nutricibus,
1237 2555 1307 2593 sed
1344 2555 1432 2604 ipsa
1469 2555 1553 2592 sola
1579 2567 1645 2593 eos

170 2621 328 2660 nutriat
356 2620 572 2658 secundum
602 2631 746 2657 nomen
775 2617 948 2668 conjugii
962 2618 1092 2665 3-83.
1125 2630 1226 2655 neve
1255 2617 1644 2656 administrationem

1416 2769 1433 2790 2⁷.

1417 2793 1429 2805 ,.
