1747 3121
356 192 509 223 ROMAN
544 192 661 224 ORDO
693 196 773 226 11011
804 197 890 226 END
922 198 975 228 or
1006 199 1119 229 Hom(
1151 201 1289 234 WEEK.
1468 194 1551 234 483

91 304 132 336 et
172 300 317 349 incipit
368 300 499 349 legere
548 301 758 338 lectionem
815 300 940 337 Oseae
995 300 1223 349 prophetae.
1298 300 1395 339 Post
1440 302 1552 349 cujus

91 361 321 398 descensum
352 362 532 399 ascendit
570 366 709 399 cantor
747 367 787 398 et
821 362 930 398 canit
968 361 1192 412 gr(aduale)
1225 361 1385 399 Domine
1423 363 1552 401 audivi

91 436 180 461 cum
209 424 389 461 versibus
430 424 523 461 suis.
581 423 637 460 Et
669 424 816 460 iterum
853 424 1033 461 ascendit
1072 424 1339 461 subdiaconus
1377 428 1418 461 et
1456 425 1553 474 legit

89 486 210 522 aliam
251 486 462 522 lectionem
501 485 829 532 Deuteronomii3
873 490 964 535 post
1002 498 1118 535 quem
1157 489 1297 523 cantor
1337 487 1553 525 ascendens

89 547 231 596 incipit
261 551 437 584 tractum
449 547 476 571 (ἰ)
523 547 598 592 Qui
638 547 792 584 habitat.
852 547 939 592 Quo
978 549 1182 597 completo.
1209 547 1322 585 vadit
1364 549 1553 586 diaconus

89 607 349 645 discalceatus
378 621 467 645 cum
492 609 708 658 evangelio,
739 612 779 645 et
808 622 897 646 cum
925 622 970 646 eo
998 609 1076 646 duo
1105 609 1347 656 subdiaconi,
1381 614 1422 647 et
1455 610 1553 660 legit

87 671 310 720 passionem
357 670 520 707 Domini
560 670 778 708 secundum
824 670 1061 708 Johannem.
1137 671 1191 708 Et
1230 684 1319 708 cum
1357 673 1553 722 completa

88 732 220 778 fuerit,
255 732 354 769 dicit
382 732 549 769 domnus
579 732 817 781 apostolicus
847 733 1068 770 orationem
1104 732 1258 771 Oremus
1286 747 1359 784 pro
1391 734 1550 772 eeclesia

87 799 219 831 sancta
252 793 340 840 Dei,
373 797 415 831 et
452 794 552 831 dicit
579 793 880 830 archidiaconus
918 793 1131 831 Fla-tamus
1163 808 1296 843 yenatio,
1337 799 1379 832 et
1410 800 1550 844 postea

87 855 186 892 dicit
234 854 387 901 Levate,
419 859 461 892 et
490 855 643 904 reliqua
679 856 810 892 omnia
848 856 891 891 in
923 855 1063 892 ordine
1095 869 1174 893 suo.
1254 856 1309 893 Et
1341 857 1392 894 ad
1430 858 1551 895 finem

85 921 248 955 tantum
285 917 384 954 dicit
415 916 599 954 Dominus
636 916 815 953 vobiscum
854 921 895 953 et
930 917 1168 966 respondent
1207 917 1260 954 Et
1296 931 1375 955 eum
1413 919 1549 969 spiritu

87 985 157 1017 tuo.
241 979 297 1016 Et
347 980 562 1029 procedent
613 980 760 1016 iterum
811 979 861 1015 ad
913 979 1122 1016 Lateranis
1180 980 1384 1029 psallendo
1432 981 1552 1019 Beati

85 1042 328 1080 immaculati.
403 1043 603 1079 Attamen
639 1042 879 1091 apostolicus
912 1043 968 1078 ibi
1006 1055 1087 1079 non
1117 1044 1382 1080 communicat
1394 1042 1431 1068 ω)
1477 1058 1551 1082 nec

85 1105 263 1152 diaconi3
292 1105 361 1154 qui
385 1118 479 1142 vero
509 1105 798 1141 communicare
830 1105 1011 1150 voluerit,
1048 1105 1314 1141 communicat
1345 1105 1393 1142 de
1419 1107 1547 1156 capsis

84 1167 134 1205 de
165 1167 357 1204 sacrificio
388 1167 492 1216 quod
522 1166 571 1205 V.
600 1166 701 1203 feria
732 1170 934 1203 servatum
967 1172 1038 1205 est.
1099 1166 1154 1202 Et
1186 1167 1257 1215 qui
1287 1167 1463 1204 noluerit
1493 1169 1550 1206 ibi

83 1229 373 1267 communicare
402 1229 515 1266 vadit
547 1241 617 1278 per
636 1229 734 1265 alias
758 1229 940 1265 ecclesias
962 1229 1112 1265 Romae
1141 1242 1209 1265 seu
1238 1241 1307 1277 per
1336 1230 1477 1267 titulos
1507 1235 1549 1268 et

83 1292 360 1329 communicat.

163 1354 340 1391 Sabbato
385 1357 534 1398 sancto,
574 1353 671 1390 hora
717 1353 866 1404 qua(si)
907 1353 1022 1399 VIL,
1060 1353 1285 1402 ingreditur
1332 1354 1459 1391 clerus
1506 1355 1549 1391 in

81 1416 334 1463 aecclesiam3
363 1428 456 1452 nam
490 1415 657 1452 domnus
688 1416 927 1464 apostolicus
963 1428 1054 1452 non.
1114 1414 1307 1451 Evadunt
1338 1415 1389 1451 ad.
1421 1428 1544 1452 secre-

81 1479 239 1525 tarium,
271 1478 429 1515 diaconi
457 1478 608 1514 scilicet
638 1482 680 1514 et
706 1478 937 1514 subdiaconi
968 1478 1010 1513 in
1038 1477 1221 1526 planetis,
1252 1481 1293 1514 et
1322 1477 1546 1514 accendunt

80 1542 159 1579 duo
189 1541 405 1591 regionarii
432 1553 502 1589 per
532 1553 854 1590 unumquemque
886 1540 1040 1576 faculas
1070 1540 1118 1576 de
1148 1540 1234 1589 ipso
1264 1540 1413 1577 lumine
1442 1540 1548 1589 quod

80 1604 129 1641 de
166 1604 239 1643 VI.
271 1604 373 1641 feria
403 1603 684 1640 abscunditum
718 1607 779 1639 est
817 1607 858 1640 et
886 1603 1056 1639 veniunt
1094 1602 1144 1639 ad
1182 1602 1320 1639 altare.
1378 1602 1547 1640 Diaconi

80 1671 193 1704 stant
239 1667 292 1704 ad
339 1667 472 1704 sedem
510 1670 551 1703 et
599 1667 772 1715 episcopi
814 1665 956 1702 sedent
994 1665 1037 1701 in
1074 1664 1201 1703 choro.
1274 1664 1329 1700 Et
1367 1665 1547 1701 ascendit

79 1729 204 1766 lector
241 1730 285 1765 in
324 1729 533 1765 ambonem
571 1732 612 1765 et
650 1728 747 1776 legit
786 1727 997 1764 lectionem
1034 1739 1201 1775 grecam.
1275 1725 1464 1775 Sequitur
1497 1726 1546 1764 In

75 1790 265 1841 principio
296 1794 338 1827 et
369 1790 567 1827 orationes
597 1793 639 1826 et
668 1789 884 1826 Fleetamus
914 1801 1037 1837 ⁴(jenua
1067 1793 1108 1825 et
1139 1791 1305 1825 tractus,
1363 1788 1419 1825 Et
1450 1788 1543 1825 dum

78 1854 151 1891 hoc
190 1854 432 1903 completum
468 1853 606 1898 fuerit,
646 1852 888 1889 descendent
935 1851 986 1888 ad
1024 1851 1155 1888 fontes
1194 1854 1237 1887 et
1274 1850 1372 1887 dicit
1410 1850 1545 1887 schola

78 1919 287 1953 cantorum
332 1915 509 1952 laetania
555 1913 639 1954 III.
673 1915 839 1960 vicibus,
883 1912 1025 1951 Christe
1065 1913 1158 1950 audi
1195 1926 1261 1950 nos
1297 1918 1339 1950 et
1376 1914 1542 1963 reliqua.

78 1979 223 2016 Postea
259 1978 462 2016 benedicit
502 1977 668 2014 domnus
706 1990 810 2027 papa
847 1976 1012 2022 fontem,
1054 1982 1095 2013 et
1133 1975 1228 2013 dum
1266 1975 1378 2012 venit
1415 1976 1459 2012 in
1498 1989 1544 2014 eo

77 2041 161 2078 loco
190 2041 260 2077 ubi
289 2040 387 2076 dicit
408 2039 627 2076 Descendat
656 2039 696 2076 in
725 2039 821 2076 hanc
849 2037 1138 2088 plenitudinem,
1162 2037 1363 2086 deponent
1393 2037 1545 2074 faculas

75 2102 290 2153 regionarii
319 2102 388 2151 qui
415 2101 504 2138 illas
533 2104 672 2139 tenent
699 2101 742 2137 in
772 2100 917 2137 fontes.
977 2099 1032 2136 Et
1062 2099 1157 2136 dum
1177 2099 1358 2148 complet,
1382 2103 1546 2148 sparget

76 2165 124 2202 de
165 2177 268 2214 aqua
306 2177 423 2213 super
460 2163 650 2212 populum
689 2166 730 2199 et
776 2162 830 2199 sic
875 2163 1013 2199 initiat
1057 2161 1273 2210 baptizare.
1350 2161 1405 2198 Et
1451 2165 1543 2210 post

75 2239 194 2276 quam
223 2227 402 2275 baptizat
434 2224 544 2264 IIII.
573 2225 637 2262 vel
668 2224 721 2263 V.
752 2224 943 2270 infantes,
974 2224 1083 2260 exiet
1116 2223 1222 2260 foras
1260 2226 1301 2259 et
1330 2223 1540 2272 baptizant

74 2290 287 2340 presbiteri
317 2293 358 2326 et
389 2288 467 2325 duo
497 2287 653 2325 diaconi
683 2290 726 2324 et
757 2287 824 2324 ille
852 2291 990 2336 postea
1018 2286 1231 2334 consignat
1265 2289 1308 2322 et
1337 2285 1542 2323 chrismat.

75 2353 222 2390 Postea
240 2352 341 2389 facit
370 2351 497 2388 clerus
517 2354 559 2387 et
578 2350 751 2387 letanias
781 2349 839 2386 II.
861 2353 902 2386 et
930 2349 1086 2385 interea
1114 2348 1273 2384 intrant
1303 2347 1354 2384 ad
1383 2347 1545 2384 missam

74 2416 156 2464 jam
183 2427 282 2460 sero,
313 2417 355 2451 et
384 2413 483 2451 dicit
506 2411 642 2450 Gloria
663 2412 703 2448 in
724 2410 879 2448 excelsis
901 2410 983 2448 Deo
1002 2414 1043 2447 et
1064 2408 1284 2461 All(eluia),
1310 2408 1547 2459 Confitemini

476 2584 521 2629 (i)
547 2583 752 2618 Tractatum
769 2583 841 2617 cod.

473 2638 531 2685 (ii)
555 2637 605 2673 Cf.
625 2636 834 2680 Amalarius‚
852 2636 905 2671 De
927 2635 1003 2682 Off,
1022 2635 1043 2671 i.
1063 2636 1118 2672 15.
