1747 3121
181 209 263 250 528
809 212 1040 243 APPENDIX.

263 311 326 351 43.
359 311 529 356 Quando
557 311 646 361 quis
673 311 819 360 dignus
846 313 908 347 est
935 310 1005 359 qui
1025 312 1107 347 stet
1128 321 1260 347 coram
1279 310 1476 348 tribunali
1496 314 1659 361 propter

182 375 301 413 fidem
348 378 390 412 et
437 374 637 411 afficiatur
684 385 812 422 poena
858 376 1024 421 propter
1072 371 1291 419 Christum,
1340 377 1481 422 postea
1525 377 1661 411 autem

182 437 438 487 indulgentia
489 436 592 473 liber
645 435 880 481 dimittitur,
931 434 1027 471 talis
1073 438 1213 484 postea
1259 438 1438 472 meretur
1493 435 1662 485 gradum

182 499 500 549 presbyteralem
538 510 669 535 coram
708 497 805 543 Deo,
846 509 929 533 non
966 496 1186 534 secundum
1223 496 1519 535 ordinationem
1558 510 1662 547 quae

182 563 229 600 fit
260 563 312 599 ab
342 562 548 611 episcop03
586 560 707 597 immo
737 559 934 598 confessio
965 563 1026 597 est
1056 558 1258 597 ordinatio
1288 559 1510 608 ejus.—-44.
1546 559 1663 605 Quod

183 624 217 662 si
245 637 340 661 vero
369 624 576 673 episcopus
602 623 662 669 fit,
688 622 1033 660 ordinetur.—45.
1067 621 1109 658 Si
1133 622 1223 671 quis
1247 622 1491 660 confessione
1519 623 1663 661 emissa

183 686 398 725 tormentis
437 685 569 722 laesus
606 698 690 723 non
726 689 800 732 est,
841 685 988 734 dignus
1026 688 1088 722 est
1125 685 1436 735 presbyteratu3
1481 689 1665 724 attamen

183 749 393 787 ordinetur
436 760 508 797 per
546 748 907 797 episcopum.—46.
959 746 1002 784 Si
1040 747 1150 794 talis,
1189 760 1279 785 cum
1317 760 1456 785 servus
1493 749 1663 798 alicujus

184 815 298 857 esset,
338 813 504 860 propter
543 809 753 847 Christum
791 810 993 847 cruciatus
1030 809 1212 859 pertulit,
1248 809 1344 847 talis
1383 811 1569 848 similiter
1602 815 1664 848 est

184 874 396 925 presbyter
433 872 679 923 gregi—47.
727 872 978 923 Quamquam
1012 873 1119 910 enim
1150 872 1322 910 formam
1355 874 1663 923 presbyteratus

184 950 267 975 non
295 936 506 986 acceperit,
536 939 674 973 tamen
694 936 883 985 spiritum
902 936 1208 986 presbyteratus
1229 935 1401 985 adeptus
1421 941 1493 976 est.
1552 937 1665 986 Epis-

185 1010 306 1048 copus
335 997 463 1046 igitur
491 997 657 1035 omittat
678 998 871 1036 orationis
891 1002 1049 1049 partem
1069 1010 1173 1048 quae
1193 997 1246 1035 ad
1265 999 1453 1048 spiritum
1479 1003 1664 1038 sanctum

184 1060 375 1111 pertinet.

268 1122 332 1158 48.
368 1120 447 1166 Qui
478 1121 745 1159 constituitur
776 1121 1015 1173 ἀναγνώστης
1045 1125 1212 1160 ornatus
1244 1123 1298 1160 sit
1328 1123 1551 1162 virtutibus
1581 1123 1664 1162 dia-

188 1183 289 1231 coni,
337 1195 467 1234 neque
510 1196 653 1221 manus
691 1185 728 1222 ei
765 1184 997 1234 imponatur
1034 1186 1173 1234 primo,
1216 1185 1285 1222 sed
1323 1186 1575 1235 evangelium
1611 1187 1662 1224 ab

189 1247 370 1297 episcopo
415 1245 492 1295 ipsi
538 1247 785 1297 porrigatur.
805 1269 860 1275 —
880 1247 942 1284 49.
992 1246 1254 1287 Ὑποδιάκονος
1298 1248 1518 1286 secundum
1555 1248 1663 1287 hunc

187 1310 381 1349 ordinem.

271 1372 333 1410 50.
367 1371 507 1422 Neque
527 1371 738 1410 ordinetur
759 1372 924 1418 caelebs,
948 1372 981 1409 si
1008 1375 1069 1409 est
1094 1372 1180 1409 sine
1199 1385 1334 1419 uxore,
1356 1372 1435 1410 nisi
1453 1376 1665 1423 postquam

189 1435 464 1474 testimonium
492 1447 564 1484 pro
588 1435 674 1484 ipso
699 1436 896 1473 exibitum
916 1436 970 1472 sit
990 1435 1041 1472 ad
1061 1435 1369 1472 contestandum
1387 1435 1666 1485 integritatem

191 1501 276 1550 ejus
296 1513 320 1536 a
338 1498 481 1535 vicinis
502 1498 636 1547 ipsius,
660 1499 721 1535 ita
740 1502 787 1536 ut
808 1503 961 1536 certum
982 1499 1035 1535 sit
1055 1511 1145 1535 eum
1165 1511 1189 1535 a
1211 1498 1466 1548 corruptione
1492 1499 1668 1537 alienum

190 1563 314 1600 fuisse
346 1574 392 1599 eo
422 1564 602 1609 tempore
633 1573 712 1610 quo
742 1561 799 1597 ibi
830 1560 1179 1599 habitabat—51.
1221 1560 1366 1610 Neque
1396 1560 1518 1597 alicui
1547 1561 1669 1611 impo-

191 1630 315 1664 natur
341 1636 484 1661 manus
511 1628 720 1673 tamquam
746 1624 889 1661 caelibi
917 1622 1097 1674 (virgini)
1118 1623 1195 1660 nisi
1216 1623 1379 1673 quando
1399 1623 1450 1660 ad
1469 1626 1669 1661 maturam

194 1692 396 1726 staturam
421 1685 641 1736 perductus
674 1699 746 1737 pro
784 1686 893 1723 fideli
926 1685 1100 1723 habetur
1133 1689 1174 1723 et
1208 1685 1441 1723 testimonio
1477 1698 1670 1724 commen-

194 1752 315 1790 datus
335 1754 408 1788 est.

277 1814 338 1852 52.
380 1812 643 1851 Ὗποδιάκονος
671 1815 713 1849 et
742 1811 982 1863 ἀναγνώστης
1010 1810 1170 1861 quando
1199 1811 1272 1849 soli
1300 1815 1419 1849 orant
1448 1813 1671 1851 consistant

195 1878 239 1915 in
275 1875 496 1926 posteriore
542 1878 682 1924 parte3
737 1873 977 1915 ύποδιάκονος
1015 1878 1151 1913 autem
1189 1875 1339 1912 serviat
1376 1888 1508 1913 coram
1546 1876 1671 1915 homi-

196 1940 325 1977 nibus.

279 2003 341 2040 53.
372 2001 415 2039 Si
444 2001 534 2051 quis
563 1999 801 2050 petitionem
831 1999 1002 2048 porrigit
1028 2013 1132 2051 quae
1158 2000 1210 2037 ad
1233 2000 1357 2050 ipsius
1377 2000 1672 2040 ordinationem

195 2065 389 2116 pertinet,
427 2062 535 2113 quod
569 2062 693 2100 dicit:
727 2061 923 2099 “Nactus
956 2076 1044 2099 sum
1078 2063 1275 2100 charisma
1307 2063 1562 2111 sanationis,''
1591 2077 1673 2102 non

196 2129 306 2180 prius
345 2127 556 2165 ordinetur
594 2137 714 2175 quam
753 2125 948 2161 clarescat
986 2138 1033 2162 ea
1070 2125 1266 2165 res—54.
1308 2125 1512 2174 Imprimis
1545 2126 1673 2175 inqui-

196 2191 368 2229 rendum
399 2194 462 2226 est
492 2202 591 2226 num
622 2187 851 2225 sanationes
880 2199 984 2236 quae
1012 2200 1083 2238 per
1112 2200 1203 2225 eum
1231 2187 1336 2225 fiunt
1363 2199 1504 2224 revera
1532 2200 1556 2224 a
1584 2187 1673 2225 Deo

199 2255 448 2292 deriventur.

282 2318 343 2354 55,
375 2314 592 2363 Presbyter
629 2313 742 2362 cujus
780 2326 882 2351 uxor
918 2313 1074 2363 peperit
1110 2326 1161 2350 ne
1198 2312 1589 2362 segregetur.—56.
1631 2312 1674 2350 Si

199 2379 409 2429 presbyter
428 2378 516 2414 abit
537 2381 577 2414 et
597 2377 641 2413 in
659 2376 756 2413 locis
775 2376 853 2425 ipsi
878 2389 959 2413 non
979 2376 1182 2425 deputatis
1208 2376 1394 2413 habitare
1422 2376 1521 2423 vult,
1544 2376 1673 2414 clerus

200 2441 320 2489 hujus
339 2440 416 2477 loci
435 2438 486 2476 ad
505 2437 778 2487 recipiendum
799 2437 969 2475 eundem
995 2450 1143 2486 pronus
1171 2437 1421 2486 interrogent
1448 2437 1672 2486 episcopum

201 2503 416 2542 cathedrae
450 2503 546 2551 ejus,
579 2514 631 2539 ne
663 2501 837 2538 forsitan
869 2504 1033 2550 propter
1066 2500 1240 2550 aliquam
1273 2512 1434 2537 causam
1464 2500 1508 2536 in
1536 2499 1672 2549 fugam

203 2578 417 2604 conversus
436 2564 623 2602 sia-57.
653 2563 805 2608 Quodsi
825 2576 920 2601 vero
938 2563 1034 2600 urbs
1060 2563 1147 2612 ejus
1174 2562 1343 2599 nimium
1372 2562 1510 2605 distat,
1530 2563 1675 2599 exami-

202 2634 322 2666 netur
343 2628 377 2664 si
396 2630 456 2664 est
478 2625 707 2676 discipulus,
729 2629 910 2663 attamen
938 2628 1049 2663 caret
1077 2623 1182 2674 quod
1210 2623 1463 2675 presbyteros
1493 2623 1674 2663 decet.—
