1747 3121
560 221 646 252 THE
676 223 830 254 ROMAN
864 222 1077 258 ORDINES.
1467 213 1551 255 463

79 328 121 362 et
140 325 289 375 accipit
307 338 394 362 eam
413 325 614 375 presbiter
634 325 684 363 de
702 340 823 364 manu
843 328 967 378 ipsius
987 332 1028 365 et
1047 328 1148 366 facit
1167 342 1325 366 crucem
1343 329 1394 367 de
1413 335 1554 368 sancta

78 399 196 436 super
215 386 370 424 fontem
389 391 431 424 et
460 388 575 437 ponit
604 401 691 425 eam
718 390 839 427 intro.
898 390 1095 428 Similiter
1115 394 1157 428 et
1175 404 1312 429 omnes
1340 393 1554 441 presbiteri

77 448 233 485 faciant
269 449 429 498 quando
467 450 708 488 confirmant
744 452 936 501 populum
974 456 1016 489 et
1054 453 1266 490 confirmat
1303 454 1420 491 scola.
1498 455 1554 492 Et

78 512 175 549 dum
193 512 345 549 viderit
364 511 669 550 archidiaconus
690 514 795 563 quod
824 515 941 564 pauci
970 518 1067 552 sunt
1087 515 1138 552 ad
1166 517 1550 564 communicandum,

78 575 223 611 annuit
243 578 290 611 ut
308 574 468 611 dicatur
487 576 592 612 scola
607 575 755 613 Gloria.
813 576 868 613 Et
885 580 1078 626 repetunt
1098 577 1331 616 subdiaconi
1349 578 1455 617 Sicut
1471 585 1554 617 erat

77 637 118 674 in
125 635 319 687 principio
337 641 380 673 et
399 638 549 686 repetit
567 638 674 675 scola
693 638 898 676 versum.(³)

159 697 317 735 Deinde
355 698 561 736 descendit
591 700 776 749 pontifex
806 714 830 737 a
868 701 961 738 sede
991 705 1033 739 et
1066 703 1181 739 vadit
1219 707 1316 740 ante
1349 704 1479 742 altare
1510 710 1553 743 et

78 765 339 799 revertuntur
355 765 577 799 cereostata
596 767 686 811 post
705 763 845 812 ipsum.
905 763 962 800 Et
981 764 1144 801 interim
1163 764 1305 801 lavant
1325 767 1552 805 sacerdotes

77 825 142 862 vel
179 824 336 861 diaconi
373 837 515 861 manus
553 838 645 861 suas
683 829 724 862 et
755 825 986 863 osculantur
1017 839 1060 863 se
1096 839 1166 876 per
1178 826 1359 864 ordinem
1393 832 1433 865 et
1464 830 1553 867 sub-

79 886 237 923 diaconi
263 887 308 923 in
326 886 453 923 vicem
479 886 549 923 ubi
576 890 698 933 stant,
735 887 922 924 similiter
950 891 992 924 et
1023 888 1129 925 scola
1158 888 1202 924 in
1229 888 1315 926 loco
1347 902 1425 939 quo
1455 895 1551 931 stat.

78 949 273 986 Oracione
296 949 470 998 expleta,
491 948 591 986 dicit
616 949 807 987 diaconus
837 949 895 986 Ite
914 949 1030 987 missa
1050 956 1114 996 est,
1137 963 1219 988 non
1246 952 1331 1000 ipse
1357 953 1426 1001 qui
1453 953 1552 1002 legit

78 1011 341 1060 evangelium,
361 1010 431 1047 sed
451 1010 564 1048 alius.

159 1072 317 1111 Deinde
337 1073 545 1111 descendit
574 1074 759 1124 pontifex
778 1075 830 1111 ab
859 1074 988 1111 altare
1015 1079 1058 1112 et
1086 1075 1246 1112 diaconi
1274 1089 1364 1114 cum
1392 1078 1487 1126 ipso,
1510 1082 1551 1115 et

79 1136 312 1174 subdiaconi
332 1139 428 1173 ante
447 1148 538 1173 eum
551 1149 640 1173 cum
659 1136 1028 1174 thimiamasteriun
1046 1137 1115 1186 qui
1144 1150 1265 1187 supra
1284 1139 1457 1188 scriptus
1477 1143 1550 1186 est,

78 1212 147 1236 seu
167 1203 208 1236 et
237 1202 465 1235 cereostata
484 1203 581 1236 ante
601 1212 693 1236 eum
718 1200 769 1236 ab
798 1199 955 1236 acolitis
983 1203 1204 1248 portantes,
1264 1199 1320 1236 Et
1348 1201 1551 1238 transiens

76 1274 148 1311 per
184 1261 359 1298 medium
404 1262 722 1310 praesbiterium,
763 1260 863 1298 dicit
901 1261 1144 1298 subdiacono
1178 1261 1227 1298 de
1264 1262 1393 1300 scola:
1439 1262 1546 1309 Jube,

77 1324 217 1369 domne,
255 1322 480 1360 benedicere.
541 1322 596 1359 Et
627 1323 699 1360 dat
731 1323 917 1372 pontifex
950 1324 1182 1369 orationem,
1215 1327 1256 1360 et
1286 1324 1550 1373 respondetur

77 1386 209 1423 Amen.
279 1385 335 1422 Et
364 1398 453 1422 cum
482 1386 627 1422 exierit
655 1385 703 1422 de
731 1386 980 1435 presbiterio,
1011 1387 1159 1423 iterum
1192 1386 1334 1423 dicunt
1369 1387 1550 1436 judices:

76 1447 184 1493 Jube,
199 1448 347 1493 domne,
361 1447 584 1486 benedicere.
645 1447 701 1484 Et
720 1448 817 1484 data
836 1449 1114 1486 benedictione
1133 1449 1397 1498 respondetur
1415 1449 1548 1490 Amen.

78 1510 134 1547 Et
162 1510 370 1547 venientes
398 1509 565 1547 acolithi
594 1513 689 1547 ante
717 1510 906 1559 pontifice
934 1523 1024 1547 cum
1053 1514 1290 1557 cereostata,
1312 1515 1425 1549 stant
1453 1516 1549 1551 ante

77 1571 223 1610 ostium
251 1584 376 1622 usque
405 1571 500 1609 dum
529 1572 757 1622 ingreditur
785 1572 968 1621 pontifex
988 1573 1220 1619 sacrarium,
1240 1577 1282 1610 et
1302 1574 1549 1623 extinguunt

77 1647 205 1673 cerea.

156 1698 214 1735 Et
251 1697 396 1746 spoliat
434 1711 476 1735 se
521 1699 705 1748 pontifex
743 1702 785 1736 et
823 1698 1024 1747 recipiunt
1062 1698 1305 1736 vestimenta
1336 1713 1361 1736 a
1391 1700 1548 1738 subdia-

76 1761 251 1806 conibus,
275 1764 317 1797 et
342 1761 419 1809 ipsi
444 1761 614 1798 tradunt
634 1774 701 1799 eas
720 1761 771 1798 ad
791 1761 1064 1799 cubicularios,
1123 1761 1178 1797 Et
1198 1761 1355 1799 diaconi
1374 1763 1548 1811 spoliant

76 1837 118 1861 se
136 1823 244 1861 foras
263 1823 485 1869 secretario,
508 1827 549 1861 et
569 1824 775 1874 accipiunt
794 1824 1035 1860 vestimenta
1063 1824 1238 1872 ipsorum
1258 1823 1433 1862 acholiti.
1492 1824 1548 1862 Et

76 1885 172 1923 dum
209 1885 320 1921 sedet
357 1885 551 1934 pontifex,
583 1887 696 1923 venit
724 1885 1017 1922 mansionarius
1049 1884 1157 1934 prior
1187 1885 1235 1922 de
1265 1886 1429 1922 ecclesia
1458 1900 1547 1924 cum

76 1947 198 1984 bacea
231 1951 423 1996 argentea
456 1960 545 1983 cum
578 1948 771 1996 pastillos,
804 1951 846 1984 et
883 1947 917 1983 si
954 1960 1036 1984 non
1064 1946 1190 1984 fuerit
1223 1952 1423 1996 argentea,
1457 1962 1547 1987 cum

77 2010 224 2055 catino,
259 2012 344 2045 stat
377 2012 474 2045 ante
506 2010 757 2058 pontificem3
788 2013 829 2046 et
859 2009 1030 2046 veniunt
1061 2021 1132 2058 per
1166 2009 1345 2046 ordinem
1376 2010 1545 2059 diaconi,

78 2071 222 2109 deinde
247 2071 495 2120 primicerius
524 2076 566 2108 et
590 2072 906 2116 secundicereus,
931 2072 1000 2108 sed
1016 2070 1052 2095 (ἦ)
1088 2075 1129 2108 et
1153 2071 1452 2110 vicaedominus
1482 2075 1547 2112 vel

76 2133 311 2172 subdiaconi
328 2132 374 2157 (ὤ)
401 2137 446 2172 ‚et
474 2134 677 2183 accipiunt
698 2134 880 2183 pastillos
900 2133 949 2170 de
978 2147 1100 2170 manu
1120 2134 1333 2183 pontificis.
1390 2135 1547 2174 Deinde

76 2197 258 2234 miscitur
286 2195 467 2244 pontifici
495 2199 538 2232 et
567 2200 719 2232 ceteros
748 2196 1052 2245 suprascriptos.
1110 2196 1255 2233 Omnia
1280 2196 1449 2246 expleta,
1474 2197 1546 2235 dab

76 2258 259 2310 pontifex
277 2258 499 2295 oracionem
520 2261 561 2294 et
581 2257 844 2306 egrediuntur
863 2258 911 2295 de
931 2258 1113 2296 secrario.

157 2320 213 2357 Et
240 2319 314 2356 hoc
334 2318 440 2368 quod
459 2318 690 2355 obmisimus
710 2318 762 2355 ad
782 2320 1012 2355 memoriam
1032 2319 1270 2366 reducimus,
1290 2320 1332 2357 id
1360 2324 1422 2357 est
1441 2321 1546 2370 quod

77 2384 111 2420 si
132 2381 316 2432 pontifex
336 2394 415 2418 non
444 2381 691 2430 processerit,
716 2380 873 2418 diaconi
901 2382 956 2418 sic
985 2381 1205 2430 procedant
1232 2382 1336 2419 sicut
1365 2384 1544 2432 superius

601 2570 640 2614 (i)
668 2580 806 2603 versum
824 2570 860 2604 fi.

594 2624 646 2670 (ii)
672 2635 709 2658 se
726 2623 848 2669 quicae
864 2623 1040 2660 dominus.

587 2678 651 2723 (iii)
678 2677 922 2713 subdiaconus.
