1747 3121
776 803 811 839 4.

55 951 136 977 THE
165 952 413 981 DEDIGATION
442 956 595 983 RITUAL
626 956 860 984 AGGORDING
887 958 936 984 ΤΟ
966 958 1048 984 THE
1079 958 1153 984 USE
1184 958 1233 984 01³·
1261 958 1342 984 THE
1372 959 1518 985 BISHOP

694 1019 744 1045 ΟΕ
773 1020 889 1046 ΜΕΤΖ.

57 1133 324 1181 Sacramentary
346 1137 385 1171 of
413 1138 540 1182 Drogo,
567 1138 698 1184 Bishop
731 1137 770 1172 of
803 1138 896 1172 Metz
932 1138 1152 1184 (826-855);
1179 1138 1321 1183 Delisle,
1352 1140 1420 1175 No.
1455 1139 1520 1184 173

465 1202 555 1237 Bibl.
574 1202 774 1248 Nationaffl,
792 1203 860 1238 No.
871 1202 976 1247 9428,
990 1203 1013 1237 f.
1030 1203 1107 1239 100.

426 1333 544 1371 ORDO
580 1334 880 1372 DEDICATIONIS
909 1334 1149 1374 ECCLESIAE.

55 1453 191 1491 PRIMO
219 1454 394 1492 eundum
423 1460 485 1492 est
515 1456 567 1492 acl
600 1457 730 1493 locum
761 1456 831 1493 ubi
866 1456 1061 1506 reliquiae
1090 1457 1243 1506 positae
1276 1461 1371 1495 sunt
1400 1459 1522 1507 priori

55 1515 129 1561 die,
165 1515 210 1553 in
240 1529 318 1566 quo
355 1517 480 1554 etiam
517 1517 603 1555 loco
636 1518 799 1567 vigiliae
836 1518 946 1567 prius
985 1519 1258 1568 sollempniter
1297 1521 1522 1570 implendae

55 1581 152 1615 sunt
171 1579 246 1615 sub
265 1579 415 1616 honore
435 1580 612 1629 ipsorum
633 1584 864 1618 sanctorum
893 1594 1064 1631 quorum
1093 1582 1282 1631 reliquiae
1310 1583 1353 1619 in
1380 1597 1523 1620 novam

55 1642 260 1680 ecclesiam
278 1643 487 1692 ponendae
507 1648 613 1681 sunt.
673 1644 830 1681 Deinde
849 1645 1047 1681 sacranda
1066 1648 1127 1683 est
1153 1657 1255 1693 aqua
1283 1658 1307 1681 a
1335 1646 1523 1694 pontifice

55 1708 97 1742 et
116 1705 318 1742 mittenda
337 1709 399 1743 est
419 1706 591 1743 chrisma
610 1707 655 1743 in
673 1719 777 1756 aqua
796 1720 885 1744 cum
906 1707 980 1744 hac
999 1707 1329 1745 benedictione—

137 1766 245 1805 Deus
263 1768 330 1818 qui
349 1768 401 1805 ad
420 1767 579 1806 salutem
600 1768 753 1805 humani
771 1769 919 1817 yeneris
934 1769 1100 1806 mamma
1131 1800 1139 1807 .
1171 1798 1179 1806 .

138 1830 194 1867 Et
226 1830 406 1867 canenda
443 1834 505 1867 est
537 1831 614 1868 tibi
646 1831 808 1868 interim
843 1832 1031 1877 laetania,
1068 1835 1161 1881 post
1191 1844 1309 1880 quam
1340 1831 1520 1880 sequitur

64 1894 194 1931 oratio

144 1954 272 2003 Aufer
290 1967 316 1991 a
336 1954 438 1991 nobis
468 1983 477 1993 .
505 1983 516 1993 .

59 2020 139 2055 alia

139 2080 221 2118 Fac
240 2092 306 2116 izos
325 2078 487 2116 Domine
516 2107 524 2115 .
557 2107 567 2118 .

139 2141 231 2178 Hac
250 2141 366 2177 finita
385 2141 646 2177 subleventur
674 2140 868 2190 reliquiae
892 2154 982 2178 cum
1008 2140 1158 2177 feretro
1184 2152 1208 2175 a
1236 2138 1522 2184 sacerdotibus,

59 2208 230 2243 canente
267 2202 370 2239 clero
409 2202 634 2238 antifonam
676 2202 767 2240 Cum
805 2203 1043 2253 jocunditate
1082 2200 1230 2238 exibitis
1266 2201 1329 2237 vel
1375 2204 1527 2237 ceteras

61 2265 264 2303 antifonas
302 2263 353 2300 ad
393 2262 645 2299 deducendas
696 2264 885 2313 reliquias
932 2276 1058 2312 usque
1095 2263 1146 2299 ad
1182 2262 1356 2299 hostium
1402 2274 1528 2299 novae

64 2326 329 2366 edificationis
348 2325 400 2362 ad
419 2324 674 2370 occidentem,
694 2330 784 2374 post
804 2337 905 2374 quas
925 2325 1025 2361 dicit
1045 2323 1230 2374 pontifex
1250 2324 1472 2361 orationem

143 2390 251 2427 Deus
271 2388 335 2439 qui
356 2401 401 2425 em
421 2386 520 2423 omni
539 2386 775 2436 coaptatione
804 2417 813 2426 .
845 2415 853 2423 .
886 2416 895 2425 .

142 2451 232 2498 Qua
268 2451 386 2487 finita
422 2449 564 2498 incipit
610 2448 794 2497 pontifex
831 2461 974 2498 aquam
1010 2459 1219 2496 aspergere
1257 2451 1527 2484 consecratam

62 2528 86 2551 a
106 2514 203 2552 foris
224 2512 424 2563 sequendo
442 2511 592 2548 feretro
612 2511 879 2559 reliquiarum,
903 2510 1085 2559 cleroque
1105 2513 1273 2546 canente
1303 2509 1528 2547 antifonam

65 2578 253 2628 Asperqes
284 2589 340 2613 me
373 2573 535 2613 Domine
573 2586 662 2610 cum
698 2572 852 2622 psalmo
889 2570 975 2618 Lm,
1008 2571 1076 2608 sed
1109 2583 1189 2608 uno
1226 2583 1276 2607 ex
1308 2571 1460 2608 clericis
1486 2571 1530 2608 in

66 2650 170 2675 nova
215 2636 379 2675 ecclesia
426 2634 570 2672 clausis
608 2633 750 2672 hostiis
797 2633 911 2683 quasi
956 2632 1124 2672 latente.
1201 2631 1307 2669 Nam
1344 2631 1528 2681 pontifex
