1747 3121
514 229 599 258 THE
627 229 820 259 NUPTIAL
850 227 1070 258 BLEssmG.
1444 218 1528 260 431

125 332 229 367 Hanc
257 332 364 378 igitur
393 333 607 369 oblationem
633 333 785 368 famulae
806 337 887 368 tuae
913 335 1024 377 illius,
1049 344 1156 378 quam
1177 333 1242 368 tibi
1266 333 1443 368 offerimus
1467 344 1530 378 pro

52 389 184 424 'famula
207 394 268 424 tua
289 393 366 435 ι’ῐῖα,
385 402 608 436 quaesumus,
626 390 788 436 Domine,
810 390 970 436 placatus
994 390 1162 436 aspicias3
1188 402 1251 436 pro
1276 402 1344 436 qua
1366 391 1529 435 majesta-

53 448 128 479 tem
160 448 259 480 tuam
293 447 468 493 supplices
502 456 699 490 exoramus,
730 449 770 479 ut
803 445 893 480 sicut
927 457 1006 480 eam
1033 445 1078 480 ad
1107 449 1262 480 aetatem
1290 445 1422 491 nuptiis
1449 457 1529 480 con-

53 505 240 545 gruentem
257 502 440 546 pervenire
458 501 623 545 tribuisti,
642 500 690 535 sic
708 501 884 535 consortio
903 500 1055 534 maritali
1078 504 1139 534 tuo
1163 512 1308 536 munere
1329 500 1529 546 copulatam

54 555 250 591 desiderata
279 557 398 592 sobole
427 556 581 602 gaudere
610 556 781 601 perficias,
808 560 913 601 atque
940 556 987 591 ad
1015 560 1172 602 optatam
1202 556 1328 591 seriem
1355 567 1437 591 cum
1466 568 1529 592 suo

54 613 203 657 conjuge
220 612 397 658 provehas
414 612 587 657 benignus
605 622 787 647 annorum.

139 752 227 793 The
277 751 449 806 nuptial
498 751 769 792 benediction
810 751 933 793 takes
973 752 1094 806 place
1135 752 1244 794 aster
1284 753 1358 794 the
1398 754 1528 795 Pater

52 826 197 871 noster,
240 822 382 862 before
422 822 496 863 the
535 820 719 862 fraction
759 821 806 862 of
851 821 925 862 the
967 822 1237 863 consecrated
1287 823 1427 865 bread.
1487 824 1529 865 A

51 890 141 932 veil
187 891 224 932 is
275 890 376 931 held
422 903 523 931 over
572 889 646 931 the
695 889 816 931 bride
866 890 951 930 and
1001 889 1278 944 bridegroom,
1320 892 1405 933 and
1454 893 1529 935 the

52 960 284 1013 officiating
333 959 531 1000 minister
580 959 743 1008 recites,
794 959 887 1000 first
936 973 961 1000 a
1011 959 1167 1014 simple
1217 974 1381 1015 prayer,
1423 962 1528 1003 then

51 1042 131 1070 one
151 1029 198 1070 of
214 1028 480 1069 Eucharistic
501 1027 729 1069 character.

121 1163 285 1207 Adest0,1
314 1161 475 1206 Domine,
511 1162 825 1208 supplicationibus
858 1163 996 1207 nostris,
1025 1167 1061 1198 et
1094 1164 1263 1199 institutis
1296 1166 1366 1200 tuis
1397 1167 1524 1211 quibus

52 1218 340 1265 propagationem
374 1218 521 1251 humani
550 1218 687 1262 generis
721 1218 889 1253 ordinasti
923 1219 1096 1264 benignus
1129 1221 1274 1264 assiste;
1304 1226 1344 1256 ut
1373 1223 1466 1267 quod
1491 1228 1527 1259 te

51 1279 192 1310 auctore
204 1273 366 1320 jungitur
382 1277 416 1307 te
435 1273 627 1308 auxiliante
646 1277 817 1309 servetur.

120 1331 214 1365 Vere
231 1330 387 1374 dignum.
415 1356 424 1365 .
450 1357 457 1365 .
485 1357 493 1365 .
520 1329 651 1374 Pater,2
667 1330 791 1364 mundi
808 1331 978 1375 conditor,
997 1332 1221 1366 nascentium
1241 1333 1389 1377 genitor,
1407 1333 1528 1369 multi-

49 1386 232 1433 plicandae
257 1385 399 1430 originis
423 1385 627 1428 institutor;
662 1385 721 1430 qui
744 1385 846 1420 Adae
871 1386 1039 1421 comitem
1064 1387 1134 1421 tuis
1160 1388 1322 1422 manibus
1347 1389 1524 1433 addidisti,

50 1442 148 1487 cujus
180 1452 226 1476 ex
259 1440 396 1475 ossibus
429 1451 508 1474 ossa
541 1442 736 1475 crescentia
769 1452 891 1486 parem
925 1441 1076 1476 formam
1101 1442 1298 1478 admirabili
1322 1444 1525 1481 diversitate

49 1497 236 1542 signarent.
294 1496 389 1531 Hinc
421 1495 467 1530 ad
499 1495 609 1530 totius
642 1496 878 1530 multitudinis
910 1497 1167 1532 incrementum
1202 1499 1396 1543 conjugalis
1428 1500 1523 1535 thori

45 1555 143 1599 jussa
168 1552 354 1595 consortia,
371 1563 440 1597 quo
465 1555 581 1586 totum
603 1552 695 1586 inter
717 1563 754 1586 se
778 1552 957 1586 saeculum
978 1552 1192 1597 colligarent,
1212 1554 1357 1589 humani
1383 1557 1521 1600 generis

50 1608 193 1643 foedera
225 1611 435 1642 nexuerunt.
487 1606 545 1641 Sic
579 1606 673 1641 enim
706 1607 769 1641 tibi
802 1606 971 1651 placitum
1004 1608 1227 1652 necessario;
1253 1615 1293 1643 ut
1317 1609 1397 1654 quia
1422 1610 1526 1656 longe

53 1668 145 1699 esset
169 1663 339 1698 infirmius
364 1663 458 1708 quod
482 1662 616 1697 homini
643 1662 755 1697 simile
780 1673 886 1707 quam
912 1662 1005 1707 quod
1029 1663 1094 1697 tibi
1122 1663 1187 1698 deo
1213 1664 1357 1708 feceras,
1384 1665 1525 1701 additus

51 1719 184 1754 fortiori
209 1730 315 1753 sexus
339 1718 507 1753 infirmior
531 1730 642 1752 unum
668 1718 823 1752 efficeret
847 1729 892 1752 ex
916 1718 1063 1762 duobus,
1082 1722 1118 1753 et
1134 1719 1208 1764 pari
1226 1720 1371 1765 pignore
1389 1721 1525 1757 soboles

50 1775 163 1809 mixta
195 1778 365 1819 manaret,
397 1774 482 1808 dum
510 1785 573 1819 per
601 1773 760 1808 ordinem
786 1772 911 1808 flueret
938 1774 1072 1818 digesta
1099 1775 1294 1819 posteritas,
1322 1787 1363 1810 ac
1391 1777 1525 1822 priores

50 1834 201 1865 ventura
218 1832 456 1873 sequerentur,
474 1840 539 1862 nec
566 1828 678 1862 ullum
702 1828 767 1862 sibi
792 1829 902 1864 finem
926 1829 962 1862 in
984 1833 1058 1863 tam
1078 1829 1177 1863 brevi
1194 1830 1344 1865 termino
1362 1832 1522 1876 quamvis

48 1890 164 1921 essent
189 1885 322 1920 caduca
348 1888 594 1929 proponerent.
644 1884 703 1918 Ad
720 1884 807 1918 haec
825 1884 930 1929 igitur
947 1888 1117 1918 venturae
1135 1885 1239 1930 hujus
1256 1886 1409 1920 famulae
1426 1890 1521 1931 tuae,

47 1942 162 1985 Pater,
181 1940 382 1974 rudimenta
407 1939 597 1983 sanctifica,
616 1943 656 1973 ut
681 1939 773 1973 bono
800 1943 835 1973 et
861 1951 1028 1985 prospero
1063 1940 1195 1975 sociata
1228 1942 1401 1976 consortio
1435 1943 1523 1988 legis

48 2001 213 2033 aeternae
242 1995 324 2041 jura
358 1994 543 2030 custodiat.
593 1994 864 2039 Memineritque
906 2007 954 2039 se,
992 1995 1155 2041 Domine,
1193 2009 1263 2031 non
1297 2000 1436 2032 tantum
1477 1998 1522 2032 ad

46 2052 226 2088 licentiam
253 2049 473 2094 conjugalem
503 2049 565 2083 sed
592 2050 637 2083 ad
665 2049 923 2084 observantiam
948 2050 1014 2084 Dei
1039 2055 1309 2096 sanctorumque
1335 2053 1522 2097 pignorum

47 2107 227 2143 custodiae
261 2105 469 2149 delegatam.
520 2104 652 2139 Fidelis
685 2109 721 2139 et
753 2109 851 2140 casta
885 2107 997 2140 nubat
1030 2107 1065 2140 in
1099 2107 1248 2151 Christo,
1282 2108 1521 2154 imitatrixque

48 2167 249 2199 sanctarum
277 2164 483 2207 permaneat
513 2160 734 2194 feminarum.
786 2160 840 2194 Sit
866 2161 1026 2195 amabilis
1052 2165 1090 2195 ut
1117 2162 1249 2196 Rachel
1274 2163 1358 2206 viro,
1385 2165 1523 2209 sapiens

47 2223 88 2253 ut
117 2217 289 2260 Rebecca,
320 2217 495 2260 longaeva
525 2219 562 2250 et
590 2215 703 2249 fidelis
730 2219 769 2249 ut
797 2215 911 2251 Sarra.
961 2216 1058 2250 Nihil
1084 2228 1129 2251 ex
1154 2217 1219 2250 hac
1246 2217 1440 2254 subcisivus
1464 2220 1522 2254 ille

48 2277 171 2309 auctor
212 2270 521 2318 praevaricationis
562 2274 726 2315 usurpet3
769 2271 853 2304 nixa
894 2270 975 2305 fidei
1012 2271 1257 2317 mandatisque
1294 2279 1522 2318 permaneat;

46 2329 184 2364 muniat
201 2326 442 2361 infirmitatem
465 2336 567 2359 suam
589 2324 713 2359 robore
738 2325 960 2370 disciplinae;
987 2327 1047 2359 uni
1073 2326 1174 2360 thoro
1196 2330 1320 2371 juncta
1339 2333 1522 2364 contactus

46 2384 136 2418 vitet
160 2382 307 2416 illicitos.
359 2380 411 2416 Sit
428 2379 639 2414 verecundia
664 2380 791 2424 gravis,
809 2380 942 2425 pudore
960 2381 1181 2424 venerabilis,
1200 2381 1366 2417 doctrinis
1391 2385 1520 2420 caeles-

46 2438 141 2472 tibus
174 2435 322 2471 erudita.
374 2434 427 2469 Sit
458 2433 610 2468 fecunda
642 2433 679 2467 in
711 2433 842 2476 sobole,
876 2434 922 2468 sit
954 2434 1100 2480 probata
1135 2439 1172 2469 et
1203 2435 1382 2482 innocens,
1408 2443 1444 2472 et
1472 2439 1517 2474 ad

46 2493 233 2527 beatorum
249 2490 405 2536 requiem
425 2493 531 2534 atque
549 2488 594 2523 ad
612 2488 776 2523 caelestia
793 2499 901 2532 regna
919 2489 1110 2534 perveniat.

327 2632 337 2650 ¹
362 2631 515 2662 Leonian
532 2630 801 2670 Sacramentary‚
817 2629 853 2659 M
859 2629 994 2667 uratori,
1011 2630 1074 2661 vol.
1092 2630 1113 2661 i.
1132 2641 1162 2671 p.
1181 2632 1252 2663 446.

330 2682 342 2700 ²
368 2682 517 2713 Lconian
536 2681 603 2712 and
620 2681 785 2712 Gelasian
803 2680 1099 2718 Sacramentaxies,
1116 2683 1148 2713 ll.
1166 2694 1208 2713 ce.
