1747 3121
170 220 256 262 494
794 220 1024 252 APPENDxx.

165 327 305 374 oratio,
335 327 435 364 item
460 326 664 364 benedicit
687 325 835 364 fideles.
895 324 951 364 Et
973 329 1065 375 post
1084 326 1159 364 hoc
1178 327 1309 364 denuo
1329 330 1414 364 tam
1433 328 1639 378 episcopus

164 404 284 441 quam
326 390 454 428 omnis
494 391 618 427 turba
655 389 778 426 vadet
816 388 948 426 denuo
984 393 1076 438 post
1114 388 1293 435 Crucem,
1334 393 1376 427 et
1413 391 1471 428 ibi
1507 390 1640 428 denuo

165 453 350 490 similiter
386 453 434 490 fit
471 452 592 489 sicuti
629 456 670 488 et
709 454 806 488 ante
844 449 1024 490 Crucem.
1082 450 1137 488 Et
1171 452 1356 489 similiter
1388 452 1439 490 ad
1475 465 1638 490 manum

164 517 343 566 episcopo
383 516 587 553 acceditur
634 514 738 551 sicut
775 513 828 551 ad
864 513 1115 561 Anastasim,
1145 515 1205 551 ita
1243 519 1284 552 et
1321 519 1418 552 ante
1455 514 1636 563 Crucem,

163 580 223 616 ita
255 582 297 615 et
334 582 423 627 post
455 577 636 616 Crucem.
697 576 900 614 Candelae
947 581 1083 613 autem
1123 577 1276 615 vitreae
1322 578 1508 627 ingentes
1554 578 1639 615 ubi-

164 654 240 691 que
277 641 476 690 plurimae
513 639 704 689 pendent,
744 643 785 676 et
824 638 1020 676 cereofala
1065 639 1237 688 plurima
1275 646 1383 686 sunt,
1421 644 1506 676 tam
1543 643 1640 678 ante

165 703 401 741 Anastasim
456 715 576 752 quam
613 703 736 739 etiam
777 709 873 739 ante
921 701 1100 748 Crucem,
1141 702 1211 740 sed.
1249 707 1290 739 et
1326 706 1416 752 post
1456 701 1637 744 Crucem.

162 766 382 803 Finiuntur
402 777 495 813 ergo
516 764 613 801 haec
634 765 766 801 omnia
787 777 876 801 cum
896 764 1085 802 tenebris

244 827 359 863 Haec
387 827 567 875 operatio
597 826 743 864 cotidie
768 839 839 876 per
866 826 950 863 dies
976 839 1046 863 sex
1065 827 1125 862 ita
1144 825 1317 863 hahetur
1337 825 1388 863 ad
1409 825 1577 863 Crucem
1596 830 1638 863 et

162 891 213 928 ad
234 890 483 928 Anastasim.

870 1154 930 1193 IL

702 1286 876 1323 SUNDAY
906 1285 1090 1323 Ormcns·

805 1415 839 1455 1.
878 1414 994 1463 νίφα.

240 1529 422 1579 Septima
468 1533 605 1567 autem
649 1528 725 1574 die,
769 1528 810 1565 id
850 1532 912 1565 est
952 1527 1148 1564 dominica
1186 1525 1262 1572 die,
1301 1530 1397 1564 ante
1434 1527 1635 1576 pullorum
1703 1546 1706 1550 ⁴

159 1597 324 1630 cantum
354 1592 514 1641 colliget
546 1604 587 1629 se
617 1591 743 1629 omnis
775 1589 1008 1635 multitudo,
1045 1589 1342 1638 quaecumquel
1379 1601 1465 1626 esse
1502 1593 1637 1639 potest

157 1655 202 1692 in
238 1667 284 1692 eo
322 1655 407 1692 loco
445 1668 491 1691 ac
524 1654 559 1691 si
591 1666 662 1703 per
696 1653 863 1700 Pascha,
898 1653 941 1689 'm
973 1652 1138 1689 basilica
1172 1664 1272 1701 quae
1306 1655 1368 1689 est
1401 1652 1486 1689 loco
1514 1653 1636 1702 juxta

158 1717 407 1765 Anastasim,
437 1716 545 1754 foras
574 1720 724 1762 tamen,
754 1716 825 1752 ubi
853 1715 1069 1752 luminaria
1097 1726 1168 1764 per
1195 1714 1270 1751 hoc
1296 1714 1414 1764 ipsud
1439 1715 1631 1765 pendent.

159 1779 269 1816 Dum
307 1780 414 1816 enim
450 1783 643 1816 verentur
681 1791 732 1815 ne
769 1777 821 1815 ad
858 1777 1060 1827 pullorum
1098 1780 1263 1814 cantum
1297 1790 1379 1814 non
1411 1782 1634 1825 occurrant,

158 1846 390 1879 antecessus
422 1842 594 1878 veniunt
624 1844 665 1877 et
696 1841 753 1877 ibi
785 1840 938 1877 sedent.
997 1838 1052 1875 Et
1084 1839 1274 1876 dicuntur
1304 1840 1417 1889 ymni
1447 1853 1521 1877 nec
1553 1853 1636 1878 non

158 1909 200 1942 et
236 1904 495 1954 antiphonae,
534 1908 575 1940 et
614 1904 718 1940 fiunt
765 1903 968 1940 orationes
1016 1906 1108 1939 cata
1155 1902 1334 1951 singulos
1379 1915 1521 1952 ymnos
1567 1903 1631 1940 vel

160 1969 414 2019 antiphonas.
484 1968 592 2005 Nam
640 1972 682 2005 et
727 1967 955 2017 presbyteri
1002 1970 1043 2003 et
1088 1966 1271 2004 diacones
1310 1980 1464 2016 semper
1500 1969 1635 2017 parati

158 2036 255 2068 sunt
301 2032 345 2068 in
393 2044 439 2068 eo
485 2031 569 2068 loco
615 2030 667 2067 ad
714 2030 872 2079 vigilias
910 2032 1074 2078 propter
1111 2029 1417 2066 multitudinem
1454 2042 1556 2079 quae
1592 2043 1635 2068 se

158 2096 330 2146 colliget.
390 2095 647 2133 Consuetudo
687 2095 792 2132 enim
832 2094 927 2131 talis
967 2098 1039 2140 est,
1082 2098 1130 2131 ut
1170 2098 1266 2131 ante
1304 2095 1506 2144 pullorum
1543 2109 1634 2132 can-

158 2164 246 2195 tum
283 2159 368 2196 loca
406 2163 547 2195 sancta
584 2171 666 2195 non
703 2158 950 2206 aperiantur.
1021 2156 1121 2193 Mox
1152 2161 1287 2194 autem
1316 2158 1469 2206 primus
1498 2157 1633 2207 pullus

158 2222 396 2267 cantaverit,
447 2221 587 2258 statim
634 2219 849 2257 descendet
896 2220 1114 2269 episcopus,
1153 2224 1195 2257 et
1231 2220 1364 2256 intrat
1400 2219 1510 2256 intro
1546 2232 1632 2269 spe-

157 2282 317 2320 luncam
363 2282 415 2320 ad
457 2282 707 2319 Anastasim.
776 2282 1033 2331 Aperiuntur
1070 2281 1202 2319 hostia
1239 2282 1381 2328 omnia,
1423 2285 1465 2318 et
1501 2282 1632 2318 intrat

157 2345 284 2382 omnis
322 2345 543 2382 multitudo
581 2345 633 2381 ad
671 2345 920 2390 Anastasim,
964 2345 1034 2381 ubi
1079 2345 1162 2393 jam
1208 2344 1423 2381 luminaria
1468 2344 1630 2381 infinita

158 2406 306 2444 lucent.
383 2407 438 2444 Et
485 2407 818 2457 quemadmodum
864 2407 1067 2456 ingressus
1113 2406 1237 2443 fuerit
1290 2407 1472 2456 popuIUS,
1523 2406 1630 2443 dicet

158 2468 352 2517 psalmum
382 2470 609 2518 quicunque
639 2469 687 2506 de
715 2469 972 2518 presbyteris,
1001 2473 1043 2505 et
1073 2468 1314 2518 respondent
1342 2481 1478 2506 omnes
1493 2482 1505 2516 3
1538 2473 1630 2518 post

227 2623 235 2641 ¹
261 2622 404 2653 Etheria
428 2633 551 2661 means,
575 2623 604 2654 it
628 2633 735 2654 seems
759 2625 794 2654 to
821 2632 885 2662 me,
902 2622 980 2654 that
1007 2622 1065 2653 the
1090 2621 1274 2653 multitude
1303 2620 1414 2652 which
1440 2621 1634 2654 assembled

163 2676 255 2705 meze
274 2683 338 2703 was
355 2673 565 2713 eomparable
578 2674 661 2705 with
680 2673 772 2705 what
789 2674 818 2704 is
834 2684 914 2704 seen
931 2672 1114 2704 elsewhere
1130 2683 1172 2703 on
1190 2672 1310 2703 Easter
1328 2672 1415 2713 Day.
