1747 3121
505 152 589 182 THE
621 152 857 184 GHRISTIAN
888 153 1137 185 FESTIVALS.
1472 145 1555 185 255

82 257 194 292 noctis
221 257 319 301 fugat
346 256 488 301 scelera,
517 256 638 302 culpas
669 257 775 302 lavat,
803 257 919 292 reddit
947 258 1185 292 innocentiam
1215 257 1321 303 lapsis
1351 262 1387 293 et
1411 260 1555 294 maestis

83 312 276 356 laetitiam
300 311 399 356 fugat
416 311 505 356 odia,
526 312 749 347 concordiam
767 316 877 358 parat,
897 316 933 347 et
950 317 1074 347 curvat
1090 312 1247 358 imperia.

150 367 194 400 In
225 366 329 411 hujus
358 365 464 410 igitur
493 366 605 401 noctis
633 367 756 412 gratia,
786 367 932 413 suscipe,
964 371 1085 402 sancte
1115 367 1227 411 Pater,
1258 367 1418 403 incensi1
1448 368 1556 414 hujus

80 421 289 456 sacrificium
323 420 573 466 vespertinum,
604 421 698 466 quod
731 421 794 455 tibi
824 422 860 456 in
888 422 955 457 hac
985 422 1076 457 cerei
1108 421 1285 457 oblatione
1315 422 1462 457 solemni
1490 435 1554 469 per

80 475 319 509 ministrorum
346 486 470 509 manus
495 475 538 509 de
564 475 726 520 operibus
751 487 856 520 apum
881 479 1103 511 sacrosancta
1126 475 1241 511 reddit
1262 476 1432 513 Ecclesia.
1484 477 1554 513 Sed

74 529 150 576 jam
179 530 363 564 columnae
393 529 495 574 hujus
524 530 711 575 praeconia
736 530 899 564 novimus
924 542 1030 576 quam
1054 531 1091 564 in
1116 530 1287 565 honorem
1313 532 1381 566 Dei
1405 532 1554 568 rutilans

79 586 168 631 ignis
196 585 376 628 accendit3
412 585 471 630 qui
499 585 581 619 licet
611 585 742 619 divisus
772 585 808 619 in
838 589 956 631 partes
985 586 1135 620 mutuati
1163 586 1305 621 luminis
1340 586 1552 622 detrimenta

79 654 148 676 non
172 642 284 677 novit.
333 641 449 676 Alitur
472 641 686 685 liquantibus
711 641 809 684 ceris,
836 653 922 686 quas
946 642 982 676 in
1001 642 1234 677 substantiam
1257 643 1431 689 pretiosae
1449 643 1553 689 hujus

79 697 250 742 lampadis
268 697 342 742 apis
360 700 473 730 mater
491 695 624 731 eduxit.

149 751 263 798 Apis2
296 752 441 786 caeteris
481 763 569 796 quae
603 751 762 796 subjecta
795 755 876 787 sunt
909 752 1041 787 homini
1082 754 1320 789 animantibus
1360 756 1550 793 antecellit.

78 807 167 842 Cum
195 809 240 842 sit
269 807 412 841 minima
442 807 595 852 corporis
625 807 808 852 parvitate,
842 807 1003 852 ingentes
1034 808 1167 843 animos
1195 813 1343 854 angusto
1368 814 1487 845 versat
1513 811 1550 845 in

80 865 240 907 pectore3
276 861 409 896 viribus
442 861 628 905 imbecilla,
664 861 725 896 sed
758 861 857 896 fortis
890 862 1041 908 ingenio.
1091 863 1215 908 Huic,3
1247 864 1429 910 explorata
1461 869 1551 901 tem-

79 928 203 962 porum
227 917 314 961 vice,
340 929 419 951 cum
445 917 608 952 canitiem
633 918 799 963 pruinosa
822 918 980 963 hyberna
1000 919 1180 964 posuerint
1197 922 1232 954 et
1248 919 1394 964 glaciale
1412 923 1551 955 senium

79 973 177 1008 verni
201 973 368 1018 temporis
393 973 586 1008 moderatio
601 973 615 995 4
640 973 832 1017 deterserit,
860 974 978 1008 statim
1004 974 1198 1020 prodeundi
1223 975 1269 1009 ad
1292 975 1449 1010 laborem
1467 988 1550 1011 cura

80 1027 257 1070 succedit3
299 1028 543 1074 dispersaeque
570 1041 633 1075 per
672 1041 783 1074 agros,
817 1029 978 1064 libratis5
1016 1029 1197 1075 paululum
1230 1030 1358 1076 pinnis,
1393 1031 1549 1066 cruribus

77 1084 252 1129 suspensis
288 1083 455 1127 insidunt,
492 1084 618 1130 parte‘3
655 1096 713 1119 ore
750 1084 866 1130 legere
904 1085 1077 1130 flosculos,
1114 1086 1304 1121 oneratae⁷
1340 1086 1552 1124 victualibus

76 1139 146 1173 suis
194 1139 239 1173 ad
290 1143 405 1174 castra
453 1144 637 1185 remeant;
689 1140 805 1186 ibique
855 1140 943 1175 aliae
993 1140 1244 1175 inaestimabili
1286 1145 1361 1177 arte
1404 1142 1550 1177 cellulas

77 1194 193 1229 tenaci
226 1194 360 1240 glutino
402 1195 590 1239 instruunt,
630 1194 718 1230 aliae
759 1195 930 1241 liquantia
970 1195 1076 1230 mella
1115 1195 1256 1241 stipant,
1286 1195 1374 1230 aliae
1404 1201 1550 1232 vertunt

76 1248 178 1283 flores
204 1249 240 1283 in
266 1261 394 1293 ceram,
421 1249 510 1284 aliae
544 1260 602 1284 ore
635 1254 737 1284 natos
770 1250 916 1295 fingunt,
951 1249 1040 1284 aliae
1075 1249 1229 1285 collectis
1259 1261 1278 1284 e
1307 1249 1398 1285 foliis
1426 1254 1548 1285 nectar

75 1305 270 1341 includunt.
321 1305 350 1341 O
377 1317 459 1341 vere
486 1306 589 1340 beata
619 1309 655 1340 et
681 1305 852 1340 mirabilis
879 1305 972 1351 apis!
1023 1305 1129 1351 Cujus
1159 1316 1224 1340 nec
1251 1316 1375 1340 sexum
1400 1306 1548 1341 masculi

76 1360 218 1405 violant,
237 1361 351 1395 foetus
375 1372 447 1395 non
469 1364 645 1405 quassant,
664 1371 730 1395 nec
755 1360 816 1394 filii
835 1360 1022 1395 destruunt
1039 1360 1256 1396 castitatem!
1310 1360 1409 1396 Sicut
1425 1365 1547 1396 sancta

75 1416 232 1463 concepit
247 1416 344 1461 virgo
361 1416 496 1451 Maria:
521 1416 619 1461 virgo
636 1415 772 1461 peperit
788 1419 824 1450 et
840 1416 938 1461 virgo
956 1415 1158 1461 permansit.

145 1471 174 1506 O
191 1483 273 1507 vere
290 1471 393 1506 beata
409 1482 491 1515 nox,
510 1482 597 1516 quae
622 1469 814 1516 expoliavit
831 1469 1036 1516 Aegyptios,
1056 1469 1181 1505 ditavit
1200 1469 1398 1507 Hebraeos!
1449 1471 1543 1514 Nox,

74 1527 111 1563 in
127 1540 194 1574 qua
210 1527 358 1563 terrenis
376 1526 539 1562 caelestia
552 1525 767 1572 junguntur!

143 1588 291 1622 Oramus
323 1590 369 1631 te,
403 1585 567 1628 Domine,
600 1588 639 1619 ut
674 1595 795 1618 cereus
827 1583 893 1618 iste
926 1583 963 1617 in
996 1583 1166 1617 honorem
1198 1582 1349 1618 nominis
1377 1582 1428 1617 tui
1459 1594 1542 1618 con-

72 1647 237 1687 secratus,
264 1642 309 1677 ad
332 1641 446 1676 noctis
470 1641 573 1686 hujus
603 1639 789 1684 caliginem
819 1638 1068 1673 destruendam
1097 1638 1302 1673 indeficiens
1330 1642 1545 1684 perseveret,

76 1702 113 1734 et
138 1700 173 1732 in
199 1697 344 1732 odorem
367 1695 550 1731 suavitatis
573 1698 738 1740 acceptus
755 1693 915 1740 supernis
931 1693 1162 1728 luminaribus
1179 1693 1376 1730 misceatur.
1427 1693 1546 1728 Flam-

72 1765 149 1787 mas
177 1752 253 1798 ejus
279 1751 420 1786 Lucifer
447 1749 640 1785 matutinus
669 1749 843 1792 inveniat3
878 1748 946 1792 ille,
974 1748 1127 1794 inquam,
1159 1748 1308 1792 Lucifer,
1339 1748 1400 1793 qui
1429 1748 1544 1783 nescit

73 1819 254 1852 occasum3
280 1806 349 1851 ille,
368 1805 426 1851 qui
443 1815 620 1850 regressus
637 1803 681 1839 ab
699 1803 817 1839 inferis
834 1803 991 1838 humano
1008 1803 1128 1848 generi
1147 1813 1290 1838 serenus
1307 1802 1448 1838 inluxit.

135 1994 147 2014 ¹
173 1993 301 2026 Incensi
329 1992 392 2023 has
414 1991 496 2022 here
519 2001 539 2022 a
561 1990 745 2031 figurative
775 1990 946 2031 meaning.
993 1989 1067 2021 The
1097 1991 1302 2032 sacraficium
1324 1992 1543 2033 vespertinum

71 2047 195 2079 incensi
210 2045 269 2086 (cf.
286 2044 341 2076 Ps.
359 2044 431 2082 141,
447 2052 479 2075 v.
496 2043 532 2081 2)
548 2042 578 2073 is
601 2042 748 2082 nothing
771 2041 840 2072 else
863 2041 949 2072 than
972 2040 1032 2072 the
1057 2041 1179 2072 candle
1203 2042 1307 2073 itself.
1354 2042 1429 2074 The
1453 2043 1544 2075 word

71 2100 204 2137 incensi,
228 2097 394 2134 however,
416 2094 479 2125 has
502 2094 606 2134 given
632 2094 745 2134 origin
769 2095 803 2124 to
830 2093 890 2125 the
917 2103 1094 2134 ceremony
1120 2093 1158 2124 of
1185 2093 1245 2124 the
1272 2093 1338 2127 five
1365 2094 1482 2135 grains
1508 2096 1546 2127 of

70 2153 218 2190 incense,
233 2148 348 2182 which
368 2147 473 2187 being
495 2145 630 2178 blessed
652 2145 811 2186 together
835 2145 921 2177 with
944 2145 1004 2177 the
1027 2155 1102 2176 new
1118 2144 1188 2183 fire,
1204 2155 1261 2177 are
1284 2145 1365 2177 here
1388 2146 1542 2179 inserted

69 2205 143 2237 into
157 2203 218 2235 the
231 2200 321 2241 body
336 2199 373 2231 of
385 2198 446 2230 the
461 2197 592 2229 candle.

133 2255 146 2273 ²
170 2253 256 2285 This
272 2252 396 2292 eulogy
411 2250 448 2281 of
470 2249 530 2280 the
545 2249 617 2288 bee,
633 2248 699 2280 full
719 2248 757 2280 of
777 2248 953 2289 Virgilian
970 2247 1239 2287 reminiscences,
1255 2247 1285 2279 is
1309 2258 1352 2280 no
1369 2248 1487 2290 longer
1508 2252 1542 2282 to

69 2306 110 2339 be
126 2304 233 2337 found
248 2304 285 2335 in
301 2302 361 2334 the
377 2302 453 2333 text
468 2310 542 2331 now
557 2299 595 2330 in
610 2309 680 2331 use.

134 2357 146 2375 ³
169 2357 271 2394 Haec,
286 2355 324 2386 in
339 2353 399 2385 the
415 2351 651 2392 manuscripts.

134 2408 145 2427 ⁴
168 2407 353 2444 Moderata,
368 2403 605 2443 manuscripts.
623 2410 628 2441 ‚¹

133 2462 146 2480 ³
172 2458 334 2491 Libratim
348 2467 381 2499 p.
393 2455 562 2498 pinnibus,
578 2454 814 2495 manuscripts.

133 2514 145 2532 ⁶
169 2512 310 2554 Raptim
325 2510 381 2551 (‘?).

133 2564 144 2582 ⁷
171 2562 333 2600 Oneratz‘s,
355 2559 591 2599 manuscripts.
639 2558 840 2599 Something
871 2559 962 2590 must
991 2557 1080 2591 have
1104 2559 1211 2591 fallen
1239 2562 1298 2593 out
1325 2561 1416 2594 here.
1463 2563 1539 2596 The

69 2615 176 2648 whole
191 2622 334 2655 passage
349 2611 379 2644 is
395 2621 478 2652 very
494 2613 639 2651 corrupt.

1345 2690 1367 2719 S
