1747 3121
182 186 267 226 522
814 198 1044 229 APPENDIX.

190 301 440 348 admirabile,
474 304 522 338 ut
550 312 704 350 semper
734 304 819 339 tam
846 302 960 351 ymni
979 315 1101 353 quam
1120 303 1369 353 antiphonae
1388 308 1430 342 et
1457 304 1662 351 lectiones,

188 377 260 402 nec
278 377 361 401 non
379 364 502 401 etiam
522 367 564 401 et
582 364 786 401 orationes
805 377 904 414 quas
923 365 1033 403 dicet
1059 366 1279 416 episcopus,
1300 367 1403 404 tales
1432 367 1664 417 pronuntia-

187 428 318 465 tiones
344 427 534 474 habeant,
558 430 605 464 ut
631 430 674 464 et
700 427 780 464 diei
805 428 875 476 qui
902 429 1145 476 celebratur,
1166 433 1208 467 et
1232 429 1319 468 1000
1346 429 1391 467 in
1410 442 1489 481 quo
1515 431 1663 481 agitur,

189 494 308 541 aptae
328 493 369 528 et
389 490 674 528 convenientes
694 493 791 527 sunt
811 503 976 541 semper.

868 739 997 782 VIII.

616 851 881 889 DEDICATION
910 862 960 889 OF
989 850 1233 893 CHUROHES.

270 959 376 997 Item
413 958 499 997 dies
536 959 808 997 Enceniarum
836 960 1103 1010 appellantur,
1136 962 1296 1011 quando
1331 966 1473 1000 sancta
1501 963 1667 1001 ecclesia

187 1034 292 1072 quae
320 1021 364 1058 in
393 1020 596 1071 Golgotha
626 1025 698 1068 est,
728 1034 849 1071 quam
879 1021 1127 1071 Martyrium
1157 1027 1314 1070 vocant,
1347 1029 1578 1062 consecrata
1606 1029 1668 1063 est

188 1084 286 1130 Deo,
309 1082 381 1121 sed
408 1087 450 1121 et
479 1088 620 1121 sancta
649 1084 827 1131 ecclesia,
849 1097 951 1134 quae
980 1091 1041 1122 est
1069 1085 1122 1122 ad
1149 1086 1365 1133 Anastase,
1388 1087 1430 1124 id
1459 1091 1521 1125 est
1549 1088 1594 1125 in
1621 1101 1668 1125 eo

186 1148 273 1186 loco
310 1147 380 1185 ubi
417 1147 616 1185 Dominus
653 1148 877 1185 resurrexit
913 1151 1005 1197 post
1042 1148 1278 1196 passionem,
1317 1161 1365 1186 ea
1402 1149 1467 1187 die
1504 1153 1546 1187 et
1581 1150 1668 1201 ipsa

187 1213 420 1249 consecrata
442 1214 504 1248 est
525 1210 623 1247 Deo.
683 1209 844 1247 Harum
864 1222 957 1259 ergo
976 1210 1233 1248 ecclesiarum
1252 1214 1484 1249 sanctarum
1504 1212 1668 1250 encenia

187 1286 278 1310 cum
306 1284 460 1309 summo
487 1271 636 1309 honore
664 1271 931 1317 celebrantur,
955 1272 1143 1321 quoniam
1172 1285 1272 1309 crux
1302 1273 1468 1310 Domini
1497 1274 1668 1312 inventa

187 1340 250 1374 est
277 1336 364 1385 ipsa
393 1334 467 1373 die.
526 1334 583 1372 Et
611 1334 701 1372 ideo
719 1338 885 1385 propter
904 1334 978 1372 hoc
1006 1335 1068 1372 ita
1086 1333 1321 1372 ordinatum
1340 1339 1415 1382 est,
1436 1339 1484 1373 ut
1504 1335 1668 1386 quando

181 1397 355 1445 primum
385 1401 550 1433 sanctae
578 1396 768 1433 ecclesiae
797 1396 1094 1445 suprascriptae
1123 1397 1480 1445 consecrabantur,
1509 1410 1556 1434 ea
1583 1396 1669 1435 dies

183 1464 288 1497 esset
321 1472 400 1510 qua
432 1473 533 1497 crux
567 1458 731 1497 Domini
763 1459 900 1497 fuerat
932 1460 1111 1506 inventa,
1135 1465 1183 1496 ut
1216 1459 1335 1497 simul
1366 1460 1475 1498 omni
1509 1460 1669 1498 laetitia

183 1521 322 1558 eadem
343 1521 407 1559 die
427 1521 739 1559 celebrarentur.
801 1521 856 1558 Et
876 1521 951 1558 hoc
970 1534 1041 1571 per
1066 1521 1296 1571 Scripturas
1326 1525 1487 1559 sanctas
1516 1523 1668 1560 inveni-

183 1587 265 1632 tur,
305 1584 410 1635 quod
449 1597 496 1621 ea
534 1584 618 1621 dies
657 1584 710 1620 sit
749 1585 1019 1630 enceniarum,
1060 1596 1143 1633 qua
1180 1589 1222 1621 et
1260 1589 1426 1622 sanctus
1465 1584 1666 1632 Salomon,

184 1651 461 1685 consummata
477 1647 592 1684 domo
613 1647 691 1684 Dei
710 1660 832 1697 quam
853 1647 1150 1692 aedificaverat,
1173 1647 1337 1684 steterit
1357 1651 1453 1684 ante
1474 1648 1666 1687 altarium

184 1710 264 1748 Dei
283 1715 324 1748 et
344 1711 533 1755 oraverit,
554 1710 659 1747 sicut
678 1711 874 1759 scriptum
894 1714 956 1747 est
976 1710 1020 1746 in
1039 1710 1153 1746 libris
1174 1709 1522 1759 Paralipomenon.

265 1774 323 1811 Hi
359 1786 454 1822 ergo
488 1773 574 1809 dies
613 1773 884 1810 Enceniarum
922 1785 1013 1809 cum
1058 1773 1258 1817 venerint,
1299 1776 1390 1809 octo
1427 1772 1570 1809 diebus
1608 1777 1667 1809 at-

183 1836 422 1874 tenduntur.
494 1835 603 1872 Nam
647 1838 745 1871 ante
787 1834 981 1884 plurimos
1026 1833 1111 1871 dies
1155 1834 1359 1883 incipiunt
1403 1847 1445 1871 se
1487 1834 1667 1884 undique

185 1898 371 1947 colligere
389 1910 399 1944 3
427 1897 499 1934 ubi
518 1909 601 1933 non
623 1897 752 1934 solum
777 1895 1062 1934 monachorum
1086 1895 1151 1933 vel
1182 1893 1556 1948 [Aput]acticorum
1571 1894 1595 1922 (ί)
1616 1896 1666 1934 de

185 1960 354 1998 diversis
372 1959 602 2009 provinciis,
624 1958 666 1995 id
686 1961 748 1995 est
768 1961 854 1994 tam
881 1957 931 1995 de
957 1956 1250 2007 Mesopotamia
1277 1957 1343 1994 vel
1372 1957 1501 2007 Syria,
1523 1958 1588 1995 vel
1615 1957 1667 1995 de

185 2021 347 2071 Egypto
384 2024 457 2058 aut
495 2019 712 2066 Thebaida,
756 2020 827 2057 ubi
869 2019 1033 2069 plurimi
1076 2023 1337 2058 monazontes
1374 2023 1483 2067 Sunt,
1516 2020 1587 2058 sed
1624 2023 1666 2057 et

185 2083 235 2121 de
254 2084 423 2121 diversis
443 2083 628 2120 omnibus
654 2082 749 2119 locis
769 2081 834 2119 vel
853 2082 1070 2132 provinciis
1086 2096 1098 2130 3
1126 2082 1263 2119 nullus
1283 2085 1347 2120 est
1366 2082 1475 2119 enim
1493 2083 1566 2133 qui
1583 2095 1666 2120 non

184 2159 226 2184 se
253 2146 393 2184 eadem
422 2145 488 2182 die
512 2146 558 2182 in
581 2144 611 2182 J
613 2145 826 2182 erusolima
850 2145 996 2183 tendat
1020 2145 1072 2183 ad
1097 2149 1259 2182 tantam
1287 2145 1490 2182 laetitiam
1514 2149 1557 2182 et
1579 2149 1664 2183 tam

184 2208 440 2247 honorabiles
468 2208 552 2245 dies
569 2221 580 2255 3
609 2207 833 2245 saeculares
852 2212 989 2245 autem
1009 2212 1094 2245 tam
1113 2208 1192 2245 viri
1217 2221 1338 2257 quam
1357 2207 1532 2245 feminae
1551 2207 1663 2245 fideli

184 2271 319 2308 animo
337 2274 501 2320 propter
521 2270 629 2308 diem
648 2273 835 2307 sanctum
854 2270 1040 2308 similiter
1059 2283 1101 2308 se
1120 2270 1171 2307 de
1186 2269 1220 2295 (fi)
1239 2271 1424 2308 omnibus
1444 2270 1663 2320 provinciis

183 2331 312 2370 isdem
348 2333 490 2370 diebus
526 2332 556 2370 J
558 2332 772 2370 erusolima
808 2332 1019 2382 colligunt.
1087 2333 1278 2382 Episcopi
1315 2337 1463 2380 autem,
1502 2332 1664 2383 quando

181 2398 297 2448 parvi
330 2397 496 2444 fuerint,
531 2396 685 2434 hisdem
719 2396 860 2434 diebus
886 2397 915 2435 J
918 2400 1130 2437 erusolima
1159 2400 1250 2450 plus
1283 2400 1557 2451 quadraginta
1586 2407 1660 2440 aut

184 2459 482 2509 quinquaginta
511 2463 634 2506 sunt;
675 2462 716 2497 et
745 2472 836 2497 cum
864 2460 946 2497 illis
967 2462 1138 2500 veniunt
1163 2463 1282 2500 multi
1310 2463 1443 2500 clerici
1472 2463 1546 2502 sui.
1603 2465 1659 2503 Et

770 2615 815 2660 (i)
842 2615 949 2651 actito
967 2618 1038 2652 cod.

764 2670 822 2717 (ii)
840 2670 902 2707 sed
918 2674 953 2706 et
970 2672 1043 2708 cod.
