1747 3121
359 190 632 221 GEREMONIES
664 190 716 220 OF
748 190 983 221 CHRISTIAN
1015 190 1272 222 INITIATION.
1481 180 1561 223 307

89 294 179 329 inter
195 305 286 340 quae
302 293 406 339 hujus
423 294 642 340 pinguissimi
659 294 801 339 liquoris
824 293 1007 328 ministrae
1035 293 1135 328 oleae
1160 298 1399 338 nascerentur,
1418 306 1563 340 quarum

87 349 221 384 fructus
237 361 336 384 sacro
355 350 535 385 chrismati
553 350 755 386 deserviret.
808 350 902 384 Nam
920 349 1037 384 David
1054 349 1261 395 prophetico
1290 349 1416 395 spiritu
1431 351 1564 395 gratiae

89 409 170 440 tuae
202 410 422 440 sacramenta
455 416 690 452 praenoscens
721 405 840 440 vultus
867 409 1004 440 nostros
1035 404 1071 439 in
1098 405 1175 440 oleo
1208 404 1458 440 exhilarandos
1489 417 1563 440 esse

88 460 256 495 cantavit.
305 461 353 495 Et
377 471 457 495 cum
482 460 604 495 mundi
634 459 778 494 crimina
812 460 942 494 diluvio
976 460 1154 505 quondam
1184 461 1410 507 expiarentur
1443 462 1563 502 effuso,

87 515 125 549 in
149 515 410 550 similitudinem
427 515 535 550 futuri
559 517 714 549 muneris
739 515 902 549 columba
928 516 1172 550 demonstrans
1199 528 1262 562 per
1289 516 1403 551 olivae
1427 528 1564 552 ramum

87 583 211 617 pacem
254 572 356 607 terris
404 572 579 606 redditam
619 571 806 606 nuntiavit.
872 571 973 612 Quod
1019 572 1056 606 in
1099 572 1298 608 novissimis
1347 573 1564 619 temporibus

87 627 282 663 manifestis
323 632 375 663 est
416 627 598 663 effectibus
632 626 859 670 declaratum,
895 638 976 661 cum
1018 627 1242 673 baptismatis
1275 627 1376 674 aquis
1409 628 1563 662 omnium

88 683 273 719 criminum
299 683 483 718 commissa
509 681 715 725 delentibus,
734 682 823 716 haec
850 681 917 717 olei
942 682 1061 717 unctio
1088 682 1206 717 vultus
1231 687 1369 718 nostros
1390 683 1565 727 jucundos

88 739 215 774 efficiat
248 742 284 774 et
316 749 467 774 serenos.
516 738 605 772 Inde
639 738 746 772 etiam
779 737 896 783 Moysi
923 737 1055 772 famulo
1082 742 1144 772 tuo
1173 738 1342 773 mandata
1372 739 1498 774 dedisti
1526 743 1565 774 ut

87 795 208 830 Aaron
239 794 383 829 fratrem
409 805 512 828 suum
544 793 640 838 prius
670 804 761 838 aqua
786 792 899 827 lotum
931 804 994 839 per
1023 793 1237 828 infusionem
1264 794 1369 840 hujus
1395 795 1564 840 unguenti

88 851 319 887 constitueret
348 849 580 885 sacerdotem.
634 849 796 883 Accessit
830 848 876 883 ad
908 848 977 884 hoc
1011 849 1159 894 amplior
1192 849 1305 884 honor
1340 862 1420 885 cum
1453 850 1564 885 Filius

87 909 169 941 tuus
198 906 360 941 dominus
386 909 505 940 noster
531 905 637 940 Jesus
664 904 824 939 Christus
852 904 962 938 lavari
988 915 1009 938 a
1042 904 1208 939 Johanne
1242 905 1345 939 undis
1367 905 1564 941 Jordanicis

87 963 270 1008 exegisset,
305 965 342 997 et
376 961 508 1007 Spiritu
541 964 664 995 sancto
697 960 734 994 in
769 959 953 994 columbae
995 959 1224 994 similitudine
1268 960 1418 1006 desuper
1458 961 1563 997 misso

88 1017 316 1061 Unigenitum
348 1020 449 1051 tuum
482 1015 519 1049 in
559 1026 629 1060 quo
663 1014 727 1049 tibi
761 1015 892 1060 optime
927 1015 1179 1059 complacuisse
1212 1015 1413 1050 testimonio
1443 1016 1563 1052 subse-

86 1072 224 1117 quentis
264 1071 361 1106 vocis
403 1070 616 1114 ostenderes,
650 1069 717 1104 hoc
750 1069 837 1104 illud
873 1081 948 1105 esse
982 1070 1270 1106 manifestissime
1304 1072 1562 1118 comprobares,

86 1126 181 1171 quod
203 1138 284 1161 eum
303 1126 379 1161 oleo
397 1125 553 1160 laetitiae
574 1136 659 1170 prae
680 1124 901 1160 consortibus
926 1125 998 1160 suis
1023 1125 1228 1171 ungendum
1253 1126 1369 1162 David
1390 1128 1564 1174 propheta

86 1181 280 1217 cecinisset.
352 1181 404 1216 Te
437 1181 541 1226 igitur
575 1180 818 1226 deprecamur,
851 1180 1004 1216 Domine
1038 1185 1171 1226 sancte,
1200 1182 1307 1217 Pater
1328 1183 1561 1231 omnipotens,

86 1240 228 1272 aeterne
255 1238 361 1282 Deus,
379 1248 443 1283 per
468 1236 490 1270 J
495 1248 593 1271 esum
619 1235 798 1271 Christum
826 1236 957 1271 Filium
986 1240 1087 1271 tuum
1116 1237 1297 1272 dominum
1324 1242 1496 1285 nostrum,
1522 1244 1564 1276 nt

85 1292 190 1339 hujus
207 1297 388 1328 creaturae
406 1292 656 1338 pinguedinem
683 1291 902 1326 sanctificare
928 1295 989 1326 tua
1014 1292 1262 1328 benedictione
1290 1293 1441 1339 digneris
1467 1300 1503 1331 et
1526 1296 1563 1330 in

87 1348 200 1383 sancti
234 1348 382 1394 Spiritus
408 1347 604 1381 immiscere
631 1346 800 1381 virtutem
829 1358 892 1393 per
919 1347 1116 1393 potentiam
1147 1347 1277 1383 Christi
1306 1349 1381 1394 tui3
1419 1362 1440 1384 a
1465 1351 1563 1397 cujus

86 1407 208 1438 sancto
234 1403 379 1438 nomine
409 1402 562 1438 chrisma
584 1413 715 1437 nomen
744 1403 892 1448 accepit,
921 1402 1015 1438 unde
1045 1403 1179 1438 unxisti
1205 1404 1419 1449 sacerdotes,
1448 1417 1560 1452 regeS‚

85 1459 273 1504 prophetas
290 1462 326 1493 et
342 1461 517 1503 martyres
534 1461 632 1502 tuos3
660 1461 699 1492 ut
717 1457 762 1492 sit
778 1457 832 1492 his
850 1458 908 1503 qui
925 1458 1038 1492 renati
1054 1458 1186 1493 fuerint
1203 1470 1248 1493 ex
1266 1470 1357 1504 aqua
1376 1463 1411 1495 et
1430 1460 1562 1507 Spiritu

88 1518 210 1549 sancto
227 1513 377 1549 chrisma
395 1513 530 1559 salutis,
552 1524 680 1559 eosque
703 1516 867 1548 aeternae
886 1513 979 1548 vitae
997 1513 1184 1560 participes
1203 1518 1237 1550 et
1257 1514 1417 1550 caelestis
1432 1516 1561 1562 gloriae

85 1569 193 1605 facias
211 1581 286 1605 esse
305 1572 496 1606 consortes.

172 1704 259 1745 The
281 1702 474 1757 ampulla
496 1701 746 1757 containing
768 1702 840 1743 the
869 1716 974 1757 pure
1000 1702 1059 1743 oil
1080 1716 1165 1743 was
1199 1703 1303 1744 then
1334 1706 1560 1758 presented

86 1777 130 1814 to
160 1772 233 1814 the
269 1772 395 1827 Pope,
418 1772 502 1813 and
533 1772 805 1813 consecrated
836 1772 943 1812 With
974 1771 1048 1813 the
1079 1785 1195 1813 same
1220 1786 1455 1828 ceremony.
1517 1776 1561 1816 It

85 1855 172 1883 was
193 1841 396 1883 breathed
418 1855 534 1896 upon
555 1841 639 1882 and
661 1840 810 1895 signed
833 1841 939 1883 With
960 1841 1033 1882 the
1063 1854 1177 1883 cross
1205 1841 1252 1882 in
1279 1843 1352 1883 the
1383 1857 1561 1886 manner

85 1910 282 1952 followed
314 1911 361 1951 in
394 1911 467 1952 the
506 1924 599 1952 case
636 1911 682 1951 of
711 1910 784 1951 the
816 1910 921 1966 holy
949 1911 1121 1961 chrism,
1148 1911 1226 1952 but
1262 1912 1336 1954 the
1372 1913 1560 1969 blessing

85 1993 172 2021 was
204 1979 365 2021 recited
394 1979 441 2020 in
473 1993 528 2020 an
559 1979 760 2034 ordinary
791 1983 890 2021 tone
922 1979 968 2019 of
1005 1980 1135 2022 voice.
1202 1980 1289 2021 The
1322 1985 1416 2023 text
1446 1982 1483 2023 is
1514 1997 1559 2024 as

85 2049 252 2090 follows
270 2064 339 2090 :—

157 2185 253 2220 Deus
270 2184 567 2220 incrementorum
594 2189 630 2220 et
657 2185 877 2231 profectuum
897 2185 1105 2231 spiritalium
1122 2188 1334 2231 munerator,
1354 2186 1413 2232 qui
1429 2187 1558 2224 virtute

86 2241 198 2275 sancti
238 2240 387 2286 Spiritus
428 2240 480 2274 tui
520 2239 777 2274 imbecillarum
819 2241 992 2275 montium
1034 2241 1234 2276 rudimenta
1275 2241 1480 2287 confirmas;
1522 2246 1557 2278 te

86 2306 234 2339 oramus,
260 2295 420 2341 Domine,
447 2299 487 2330 ut
511 2296 668 2330 venturis
691 2296 736 2330 ad
762 2296 888 2330 beatae
916 2296 1191 2341 regenerationis
1216 2296 1397 2332 lavacrum
1425 2298 1558 2333 tribuas

86 2362 149 2396 per
179 2352 385 2385 unctionem
417 2351 516 2385 istius
545 2354 725 2386 creaturae
756 2351 999 2396 purgationem
1030 2350 1159 2385 mentis
1187 2354 1221 2385 et
1251 2352 1425 2398 corporis;
1463 2356 1503 2388 ut
1529 2353 1558 2388 si

86 2417 175 2451 quae
202 2406 271 2441 illis
296 2406 557 2441 adversantium
578 2406 764 2452 spirituum
790 2407 971 2441 inhaesere
996 2406 1177 2452 reliquiae,
1197 2407 1243 2441 ad
1269 2411 1404 2443 tactum
1429 2409 1556 2444 sancti-

85 2461 182 2497 ficati
214 2462 281 2497 olei
312 2462 417 2508 hujus
450 2462 654 2498 abscedant.
704 2461 830 2497 Nullus
863 2461 1076 2508 spiritalibus
1117 2462 1280 2507 nequitiis
1319 2463 1428 2506 locus,
1461 2464 1557 2499 nulla

86 2517 216 2563 refugis
240 2518 431 2553 virtutibus
458 2520 504 2553 sit
533 2517 701 2562 facultas3
735 2517 832 2552 nulla
856 2517 1103 2552 insidiantibus
1128 2518 1228 2552 malis
1255 2518 1391 2554 latendi
1416 2519 1557 2555 licentia

86 2572 321 2618 relinquatur3
364 2574 426 2608 sed
465 2573 687 2608 venientibus
720 2573 765 2607 ad
806 2572 912 2608 fidem
947 2573 1056 2608 servis
1088 2572 1158 2608 tuis
1192 2577 1228 2608 et
1260 2574 1374 2609 sancti
1408 2574 1556 2620 Spiritus

88 2629 288 2675 operatione
313 2629 524 2665 mundandis
554 2629 600 2665 sit
627 2628 803 2664 unctionis
833 2627 936 2673 hujus
966 2628 1186 2674 praeparatio
1216 2628 1311 2663 utilis
1334 2628 1379 2664 ad
1406 2628 1554 2664 salutem
