1747 3121
95 988 178 1015 THE
208 988 460 1015 DEDIOATION
494 988 646 1015 RITUAL
678 989 721 1016 IN
754 989 835 1014 THE
867 988 1191 1015 SACRAMENTARY
1222 987 1272 1014 OF
1301 977 1560 1013 ANGOULssME.

96 1132 314 1178 Manuscript
339 1133 408 1168 216
436 1132 476 1168 of
507 1133 569 1168 the
597 1133 685 1168 Bibl.
715 1133 902 1169 Nationale
932 1133 1087 1179 (Delisle,
1115 1133 1182 1169 No.
1207 1133 1265 1178 15)
1293 1132 1332 1167 of
1353 1132 1414 1167 the
1437 1132 1559 1178 eighth

187 1192 343 1233 century,
371 1199 410 1222 or
434 1188 474 1223 of
493 1188 554 1223 the
578 1189 769 1234 beginning
788 1189 827 1224 of
847 1190 907 1224 the
928 1190 1039 1233 ninth,
1058 1189 1082 1224 f.
1102 1189 1180 1223 141.
1231 1188 1308 1222 The
1328 1188 1499 1233 lang-uage
1524 1188 1560 1222 of

187 1244 258 1278 this
289 1243 464 1289 fragment
492 1243 531 1283 is,
563 1244 751 1288 doubtless,
771 1245 831 1279 the
858 1245 962 1280 Latin
990 1244 1029 1279 of
1050 1244 1140 1279 later
1169 1243 1411 1288 Merovingian
1440 1242 1555 1278 times

187 1300 280 1335 Note
297 1298 485 1345 especially
502 1299 562 1336 the
580 1300 822 1347 employment
840 1300 879 1335 cf
891 1301 952 1336 the
969 1311 1129 1346 pronoun
1146 1301 1207 1336 ille
1224 1298 1277 1333 for
1294 1298 1355 1334 the
1372 1297 1505 1334 article.

360 1459 478 1497 ORDO
509 1459 859 1497 OonsnoaArioms
888 1460 1108 1496 BAsrLicAE
1137 1458 1178 1495 N
1182 1468 1298 1498 OVAE.

94 1566 146 1603 IN
181 1564 319 1615 primis
349 1565 519 1601 veniunt
557 1564 783 1600 sacerdotes
822 1567 863 1600 et
903 1563 1030 1600 clerus
1068 1575 1158 1598 cum
1196 1561 1317 1598 sacris
1355 1560 1563 1599 ordinibus

94 1633 188 1666 ante
217 1628 323 1665 fores
356 1626 496 1675 templi
526 1626 631 1675 quod
660 1625 978 1663 benedicendum
1017 1629 1088 1670 est,
1121 1629 1162 1661 et
1191 1624 1400 1661 introeunt
1429 1624 1562 1661 clerici

93 1695 135 1729 et
168 1690 394 1727 sacerdotes
422 1689 532 1725 intra
556 1689 724 1738 januam
754 1688 905 1737 templi.
965 1687 1017 1723 In
1045 1687 1130 1736 ipso
1159 1686 1333 1723 introitu
1362 1686 1562 1735 incipiunt

93 1753 268 1791 laetania
282 1765 292 1799 5
339 1755 382 1789 et
427 1753 513 1800 ipsa
551 1751 677 1797 finita,
720 1751 890 1800 accipiat
937 1750 1143 1799 episcopus
1192 1762 1296 1799 aqua
1343 1762 1431 1786 cum
1469 1750 1563 1787 vino

93 1816 221 1852 mixta
267 1818 308 1852 et
354 1813 567 1851 benedicat
614 1826 691 1859 eos,
731 1818 821 1862 post
860 1813 956 1850 haec
995 1812 1147 1849 faciens
1195 1824 1445 1860 consparsum
1492 1824 1562 1861 per

93 1880 221 1914 totam
255 1875 470 1913 ecclesiam.
530 1875 629 1912 Post
658 1874 754 1911 haec
782 1874 985 1912 benedicit
1014 1886 1111 1910 eam.
1172 1873 1278 1909 Nam
1308 1873 1400 1910 illae
1430 1886 1563 1910 cruces

95 1938 157 1975 vel
195 1937 436 1975 candelabra
474 1950 544 1975 seu
591 1937 685 1975 illae
723 1937 917 1986 reliquiae
955 1936 1053 1973 foris
1093 1940 1204 1972 stent
1243 1935 1338 1972 dum
1376 1936 1565 1974 altarium

95 1999 357 2037 benedicitur.
417 1998 473 2035 Et
510 2002 601 2047 post
638 1999 958 2036 benedictionem
996 1997 1136 2047 templi
1172 1998 1319 2034 iterum
1358 1997 1492 2033 clerici
1523 2001 1564 2033 et

95 2061 321 2099 sacerdotes
363 2061 561 2098 accedunt
598 2074 721 2110 prope
768 2061 908 2107 altare,
940 2064 981 2097 et
1018 2060 1216 2109 incipiant
1255 2059 1335 2095 alia
1372 2059 1560 2095 laetania.

96 2125 191 2174 Ipsa
230 2124 360 2168 finita,
399 2122 562 2160 accedat
610 2123 791 2160 sacerdos
829 2127 871 2160 et
908 2123 1079 2172 accipiat
1116 2122 1187 2159 illa
1225 2135 1329 2171 aqua
1367 2134 1456 2158 cum
1494 2121 1563 2158 illo

95 2186 188 2224 vino
234 2186 339 2236 quod
385 2190 507 2223 antea
553 2186 763 2222 benedixit
809 2190 850 2223 et
889 2189 1077 2235 aspergat
1115 2185 1306 2222 altarium
1344 2184 1562 2221 secundum

96 2248 356 2286 traditionem
404 2261 528 2294 suam,
576 2252 617 2285 et
664 2248 889 2285 benedicat.
975 2248 1068 2297 Ipso
1115 2246 1338 2291 benedicto,
1392 2246 1562 2295 accipiat

95 2310 280 2361 chrysma
326 2314 368 2348 et
406 2310 531 2347 faciat
568 2323 724 2347 crucem
762 2311 805 2347 in
843 2309 972 2347 medio
1019 2309 1161 2346 altaris
1208 2311 1250 2345 et
1296 2321 1366 2357 per
1414 2321 1564 2345 cornua

95 2373 220 2422 ipsius
249 2372 400 2418 altaris,
422 2372 485 2409 vel
512 2371 582 2408 illo
607 2371 692 2409 loco
723 2372 792 2408 ubi
823 2371 1013 2420 reliquiae
1043 2369 1253 2419 ponendae
1284 2373 1391 2406 sunt.
1454 2369 1566 2407 Simi-

94 2433 187 2471 liter
223 2446 294 2484 per
331 2438 463 2470 totum
512 2434 707 2483 templum
744 2434 787 2469 in
826 2433 996 2470 circuitu
1033 2432 1184 2469 faciens
1222 2444 1357 2468 cruces
1391 2431 1440 2469 de
1479 2432 1566 2482 ipsa

95 2494 288 2545 chrysma.
349 2494 446 2532 Post
476 2494 573 2532 haec
607 2494 809 2531 benedicit
839 2494 1084 2531 lenteamina
1113 2493 1176 2529 vel
1205 2506 1301 2529 vasa
1331 2492 1488 2542 templi,
1522 2497 1564 2530 et

93 2561 184 2606 post
220 2557 319 2594 haec
356 2558 626 2595 revestientur
665 2557 793 2593 altare
830 2569 899 2593 seu
937 2560 979 2593 et
1017 2554 1109 2592 vela
1148 2556 1289 2605 templi
1327 2554 1564 2605 penduntur

95 2623 135 2655 et
155 2618 382 2655 accendunt
402 2618 626 2656 luminaria.
685 2618 782 2655 Post
811 2617 908 2655 haec
938 2618 1070 2655 omnia
1099 2623 1387 2663 consummata,
1407 2617 1565 2655 vadunt

96 2680 321 2718 sacerdotes
352 2692 442 2717 cum
475 2680 584 2717 omni
614 2680 718 2717 clero
747 2679 856 2726 foris,
891 2679 962 2716 ubi
994 2684 1089 2717 sunt
1121 2679 1213 2716 illae
1249 2679 1451 2728 reliquiae.
1510 2679 1564 2715 Et
