1747 3121
185 198 268 239 194
336 209 572 240 GHRISTIAN
603 209 824 240 WORSHIP:
858 209 924 239 ITS
956 208 1107 239 ORIGIN
1138 209 1228 239 AND
1260 208 1519 240 EVOLUTION.

182 315 328 350 humani
371 314 512 360 generis
553 314 787 360 Redemptor3
835 313 977 348 erexisti
1018 313 1119 348 nobis
1161 324 1270 347 cornu
1311 313 1460 357 salutis,¹
1500 318 1536 349 et
1575 314 1658 349 celsi

184 370 362 406 Genitoris
396 370 517 405 Proles
549 373 729 416 perpetua,
762 369 899 414 genitus
933 368 969 403 in
1002 368 1105 403 domo
1141 368 1257 403 David
1289 374 1432 415 propter
1463 370 1658 416 priscorum

187 427 329 463 oracula
363 430 497 469 vatum,
527 425 704 472 propriam
736 424 859 459 volens
892 424 1076 459 absolvere
1109 424 1250 469 plebem
1283 427 1320 458 et
1347 425 1477 459 vetusti
1506 425 1659 460 criminis

185 483 301 518 delere
335 482 619 527 chirographum,
644 485 684 515 ut
709 484 872 515 aeternae
898 480 993 515 vitae
1017 480 1190 526 panderes
1216 479 1444 526 triumphum.
1503 480 1659 526 Ideoque

185 550 278 574 nunc
306 542 342 573 te
373 548 584 583 quaesumus
614 539 654 570 ut
682 536 719 570 in
748 535 1009 571 misericordiae
1043 539 1126 570 tuae
1160 535 1296 570 viscera
1327 535 1458 570 nostris
1490 547 1660 582 appareas

185 594 370 638 mentibus,
412 592 505 627 salus
545 595 708 634 aeterna3
753 594 789 626 et
826 602 890 626 nos
924 591 1103 637 eripiendo
1137 590 1182 625 ab
1216 590 1335 636 iniquo
1368 590 1470 625 hoste
1500 590 1660 637 justitiae

188 650 339 686 cultores
365 649 512 693 efficias3
546 647 711 693 omnique
738 647 861 682 mortis
887 659 1002 683 errore
1030 650 1147 693 spreto
1172 647 1270 693 pacis
1295 647 1389 681 viam
1414 650 1511 682 recto
1536 647 1660 682 itinere

184 706 394 753 gradientes,
422 704 486 739 tibi
512 707 607 739 recte
634 703 763 738 servire
792 702 979 749 possimus,
1008 702 1171 737 Salvator
1200 702 1332 746 mundi,
1359 703 1419 748 qui
1449 713 1527 736 cum
1557 703 1660 738 Patre

186 766 221 796 et
241 761 371 807 Spiritu
390 764 513 794 sancto
532 758 633 804 vivis,
654 758 844 793 dominaris
863 762 898 794 et
914 769 1040 804 regnas
1057 758 1153 793 Deus
1170 757 1206 792 in
1224 757 1365 793 saecula
1382 757 1630 795 saeculorum.²

527 955 565 996 3.
604 955 684 995 The
717 956 900 996 Lections
931 956 1019 996 and
1052 956 1115 996 tlte
1147 956 1322 998 PsalmS.

277 1074 512 1115 GERMAIN:
567 1073 699 1113 Lectio
743 1087 832 1113 vero
877 1073 1123 1126 Prophetica
1168 1086 1293 1113 suum
1334 1078 1438 1114 tenet
1476 1074 1664 1115 ordinem

199 1145 352 1186 Veteris
387 1143 569 1183 videlicet
610 1143 870 1191 Testamenti,
908 1143 1130 1195 corripiens
1171 1143 1288 1182 mala
1328 1148 1363 1183 et
1398 1144 1664 1184 adnuncians

177 1215 353 1269 futura,
385 1218 433 1253 ut
466 1213 754 1266 intelliyamus
786 1212 926 1265 ipsum
959 1211 1097 1251 Deum
1130 1225 1205 1251 esse
1242 1213 1314 1266 qui
1350 1213 1398 1252 in
1438 1212 1665 1266 Proplietia

189 1285 325 1325 tonuit
371 1297 499 1337 quam
545 1283 618 1336 qui
664 1287 699 1322 et
743 1282 792 1321 in
838 1281 1030 1335 Apostolo
1076 1281 1213 1322 docuit
1259 1285 1295 1322 et
1333 1282 1382 1322 in
1422 1282 1666 1336 Evanqelico

186 1352 397 1405 splendore
436 1350 617 1405 refulsit.
699 1349 812 1399 Quod
858 1349 969 1388 enim
1006 1348 1212 1402 propheta
1257 1348 1411 1389 elamat
1444 1350 1664 1403 futurum,

189 1422 391 1476 apostolus
451 1420 559 1460 docet
608 1419 790 1473 factum.
873 1417 1005 1457 Actus
1067 1422 1206 1457 autem
1266 1417 1558 1471 Apostolorum
1606 1420 1667 1460 vel

190 1491 461 1546 Apocalypsis
489 1489 701 1530 «Iohannis
727 1502 803 1542 pro
834 1488 1014 1528 novitate
1041 1488 1195 1541 yaitdii
1219 1489 1433 1541 paschalis
1459 1489 1666 1542 leyuntur,

190 1566 393 1602 servantes
463 1560 650 1600 ordinem
711 1563 950 1611 temporum,
1011 1558 1117 1597 sicut
1176 1557 1354 1598 historia
1419 1558 1667 1599 Testamenti

202 1631 356 1672 Veteris
390 1631 438 1670 in
479 1628 838 1682 Quinquagesimo,
874 1627 934 1666 vel
966 1631 1079 1680 qesta
1119 1631 1355 1667 sanctorum
1395 1627 1668 1681 confessorum

193 1715 238 1741 ac
274 1704 513 1752 martyrum
548 1698 597 1737 in
617 1696 944 1737 solemnitatibus
981 1709 1129 1745 eorum,
1169 1700 1217 1735 ut
1244 1696 1428 1749 populus
1460 1697 1668 1751 intelliyat

194 1775 401 1825 quantum
462 1768 650 1810 Christus
710 1767 914 1807 amaverit
964 1766 1202 1820 stimulum,
1253 1766 1361 1806 dans
1411 1767 1448 1807 ei
1499 1768 1670 1809 virtutis

193 1840 413 1888 indicium,
456 1852 573 1892 quem
613 1837 754 1877 devota
783 1835 990 1889 plebicula
1030 1848 1154 1874 suum
1196 1835 1384 1888 postulat
1429 1840 1669 1889 patronum.

194 1910 417 1963 fflsmnum
445 1911 585 1946 autem
617 1906 749 1946 trium
772 1917 1013 1958 puerorum,
1043 1904 1149 1957 quod
1173 1908 1266 1957 post
1286 1903 1469 1944 lectiones
1488 1906 1669 1948 canitur.

326 2008 335 2017 .
383 1975 562 2016 Ecclesia
611 1977 745 2014 servat
790 1970 977 2013 ordinem
1017 1976 1065 2011 ut
1105 1971 1215 2011 inter
1255 1972 1584 2014 Benedictionem
1635 1979 1671 2015 et

195 2045 473 2098 Evangyelium
524 2044 634 2083 lectio
683 2056 767 2082 non
782 2040 798 2064 3
848 2041 1085 2090 intercedat,
1136 2040 1222 2080 nisi
1276 2042 1561 2083 tantummodo
1609 2057 1670 2084 rc-

195 2114 454 2168 sponsorium
477 2113 584 2166 quod
605 2126 632 2151 a
650 2110 843 2164 pari-ulis
864 2110 1042 2151 canitur.

288 2183 421 2223 There
455 2194 565 2222 were
607 2180 767 2233 always
809 2184 894 2220 two
934 2179 1117 2220 lections
1154 2179 1201 2219 in
1236 2179 1309 2220 the
1345 2179 1465 2221 Mass
1507 2181 1671 2224 besides

199 2252 271 2293 the
310 2250 483 2305 Gospel.
546 2249 634 2290 The
666 2250 759 2289 first
796 2249 948 2302 (Lectio
982 2248 1247 2301 Propltetica)
1279 2261 1365 2289 was
1399 2249 1530 2290 taken
1561 2250 1672 2292 from

266 2366 275 2384 ¹
301 2367 386 2398 This
412 2367 441 2398 is
466 2377 509 2398 an
535 2366 681 2397 allusion
707 2368 741 2397 to
767 2365 825 2396 the
850 2365 996 2396 canticle
1023 2365 1228 2397 Benedictus.
1275 2364 1349 2396 The
1366 2364 1474 2396 whole
1498 2375 1620 2406 prayer
1643 2366 1673 2398 is

199 2420 265 2451 full
281 2419 317 2450 of
331 2419 590 2450 reminiscences
607 2418 643 2449 of
657 2418 727 2449 this
744 2417 927 2448 character.

265 2470 277 2487 ²
301 2469 342 2500 In
360 2469 420 2500 the
436 2471 572 2509 present
596 2468 764 2499 Milanese
780 2478 841 2499 use
857 2467 916 2498 the
934 2466 1064 2499 Collect
1082 2467 1112 2498 is
1133 2466 1254 2507 placed
1275 2465 1388 2497 before
1410 2466 1470 2497 the
1490 2466 1672 2499 Canticles.

200 2522 276 2553 The
300 2521 559 2560 Sacramentary
575 2520 612 2551 of
635 2519 764 2550 Bobbio
790 2519 926 2559 ilnplies
947 2518 1024 2549 that
1048 2519 1076 2549 it
1092 2528 1160 2549 was
1181 2517 1256 2549 said
1272 2517 1361 2548 after
1381 2516 1484 2548 them.
1531 2517 1674 2549 Besides

202 2572 332 2604 certain
355 2571 492 2601 collects
513 2573 587 2611 post
610 2570 835 2612 Prophetiam,
851 2569 879 2600 it
901 2569 1055 2600 contains
1078 2568 1191 2599 others
1216 2567 1292 2598 that
1319 2577 1376 2598 are
1400 2568 1477 2599 said
1501 2567 1590 2599 after
1614 2568 1674 2599 the

207 2623 358 2663 risagion
376 2622 465 2662 (post
482 2622 590 2661 Ajus),
607 2632 642 2652 or
663 2622 751 2652 after
768 2621 827 2652 the
848 2621 964 2652 Gloria
981 2621 1017 2651 in
1035 2620 1173 2651 eoeoelsis.

269 2675 281 2692 ³
306 2674 323 2704 I
340 2673 428 2705 have
445 2672 595 2703 inserted
611 2673 692 2703 here
709 2673 768 2703 the
786 2672 957 2712 negative,
973 2670 1085 2702 which
1103 2670 1131 2701 is
1151 2669 1309 2710 required
1324 2670 1368 2711 by
1385 2669 1444 2701 the
1460 2672 1544 2702 text.
