1747 3121
489 216 600 247 ΜΕΤΖ
630 217 895 248 DEchTmN
925 218 1094 249 RITUAL.
1444 213 1527 257 489

61 320 104 357 ln
129 319 385 358 confessione
444 321 554 358 Tunc
582 323 745 360 veniens
774 322 825 361 ad
854 323 995 369 altare,
1017 335 1234 372 aspargens
1266 323 1366 360 illud
1397 324 1527 362 tribus

61 382 214 419 vicibus
245 395 349 432 aqua
375 383 636 430 sanctificata,
659 384 753 422 inde
776 385 957 434 sequitur
987 385 1214 423 benedictio
1233 385 1436 422 tabulae&
1463 387 1525 423 his

65 444 252 481 verbis-—

140 505 343 555 Sinyulare
364 504 461 543 illud
479 507 822 557 repropitiatorium
851 537 861 546 .

139 569 242 606 Inde
280 569 456 618 asparsio
493 569 749 607 confessionis
787 572 905 608 simul
942 585 1032 608 cum
1071 572 1258 609 unctione
1295 571 1525 609 chrismatis

57 644 127 681 per
157 634 349 681 quattuor
382 631 549 679 angulos
587 632 855 671 confessionis
913 633 1058 671 Postea
1094 638 1297 684 ponentur
1336 634 1526 684 reliquiae

57 694 101 730 in
129 693 373 730 confessione
400 706 490 730 cum
517 694 649 731 tribus
677 695 886 744 particulis
915 696 1086 744 corporis
1115 695 1278 732 Domini
1315 709 1360 733 ac
1394 697 1525 734 tribus

58 756 266 806 particulis
302 754 567 792 thimiamatis
605 757 783 794 canendo
816 757 1076 807 antiphonam
1105 757 1185 795 Sub
1214 757 1338 795 altare
1367 758 1526 795 Domini

58 820 165 856 sedes
183 817 390 869 accepistis,
411 818 629 855 intercedite
641 832 715 869 pro
735 820 838 856 nobis
857 820 964 870 apud
983 833 1091 870 quem
1110 819 1270 869 yloriari
1288 820 1488 858 meruistis.

138 881 218 918 His
255 880 437 930 expletis,
479 882 805 930 superponendus
843 886 905 919 est
943 882 1043 931 lapis
1080 894 1197 931 super
1236 895 1353 931 quem
1392 882 1524 919 infun-

57 943 232 981 dendum
270 946 331 979 est
368 942 500 979 oleum
537 943 830 980 sanctificatum
868 947 909 980 et
946 943 1250 993 expendendum
1287 944 1331 980 in
1365 944 1523 981 modum

57 1004 194 1041 crucis.
253 1003 449 1040 Similiter
484 1015 554 1052 per
591 1007 782 1053 quattuor
819 1005 985 1053 angulos
1022 1004 1162 1040 altaris
1208 1003 1348 1041 modus
1395 1005 1523 1042 crucis

57 1066 106 1104 de
134 1065 269 1103 eodem
297 1064 382 1102 oleo
410 1064 692 1112 significandus
720 1069 792 1102 est.
852 1065 954 1103 Inde
984 1065 1209 1103 benedictio
1236 1066 1377 1102 altaris
1405 1067 1521 1104 simul

56 1141 145 1165 cum
165 1127 464 1164 consecratione
482 1127 713 1175 ejusdem—

138 1189 401 1240 Deprecamur
424 1188 717 1225 misericordiam
739 1194 843 1226 luam
872 1218 879 1226 .
911 1217 921 1228 .
949 1216 961 1228 .

138 1252 395 1289 Consecratio
415 1252 568 1288 altaris.

140 1313 250 1352 Deus
269 1313 505 1364 omnipotens,
528 1313 569 1350 in
588 1314 698 1362 cujus
717 1313 850 1350 honore
880 1343 890 1352 .
920 1343 929 1353 .‚

137 1377 240 1414 Inde
276 1376 502 1413 benedictio
540 1376 820 1413 linteaminum
856 1377 996 1413 altaris
1034 1380 1076 1413 et
1113 1377 1279 1414 aliorum
1312 1378 1517 1416 indumen-

56 1444 189 1478 torum
234 1452 391 1477 necnon
436 1443 478 1476 et
524 1452 708 1476 vasorum
755 1452 865 1476 sacro
910 1440 1130 1476 ministerio
1177 1441 1267 1476 usui
1315 1444 1411 1490 apta
1457 1441 1519 1478 his

58 1503 242 1540 Verbis-—

136 1565 300 1603 Exaudi
319 1564 480 1602 Domine
500 1563 714 1615 supplicum
742 1593 752 1603 .
783 1592 793 1603 .
823 1592 834 1603 .

135 1627 192 1665 Et
237 1631 328 1678 post
374 1627 449 1664 hoc
482 1627 640 1664 velatur
687 1626 827 1664 altare.
884 1625 981 1663 Post
1021 1626 1197 1663 velatum
1236 1639 1330 1663 vero
1367 1627 1513 1665 dicitur

58 1691 187 1727 oratio

136 1752 354 1790 Descendat
372 1764 602 1801 quaesumus
629 1778 640 1788 ‚
670 1779 680 1789 ω
708 1778 722 1791 0

136 1814 205 1851 Ad
223 1815 438 1851 missam——

137 1875 246 1912 Deus
265 1875 332 1925 qui
350 1873 587 1911 invisibiliter
613 1899 624 1913 .
652 1899 663 1912 ι

691 1998 736 2043 (i)
762 1998 864 2034 ’calae-
