1747 3121
149 182 233 223 532
782 195 1012 226 APPENDIX.

234 295 320 334 101.
353 294 672 333 Catechumenus
710 296 781 345 qui
827 299 967 345 captus
1004 298 1046 332 et
1083 294 1134 332 ad
1172 295 1412 345 martyrium
1455 293 1624 346 perduc-

149 362 217 396 tus
262 362 511 408 necatusque
558 362 620 395 est
674 358 911 408 priusquam
966 357 1212 408 baptismum
1268 358 1475 407 reciperet,
1534 370 1624 395 cum

150 422 294 458 ceteris
341 421 585 470 martyribus
632 420 851 469 sepeliatur
864 433 876 467 3
922 423 984 458 est
1030 420 1137 457 enim
1184 420 1418 470 baptizatus
1465 420 1624 470 proprio

149 484 356 532 sanguine.

234 546 322 582 102.
354 544 677 582 Oatechumenus
709 545 910 596 baptismo
946 545 1171 583 initiandus
1201 546 1235 583 si
1264 546 1315 583 ab
1347 546 1397 583 iis
1429 546 1501 597 qui
1532 558 1624 584 eum

149 607 357 645 adducunt
386 608 490 645 bono
520 608 751 646 testimonio
781 607 1096 655 commendatur,
1116 621 1207 645 eum
1235 608 1306 646 illo
1335 612 1514 658 tempore
1544 620 1625 658 quo

149 671 427 708 instruebatur
459 670 639 708 infirmos
671 671 856 709 visitasse
884 675 926 709 et
955 671 1105 708 debiles
1139 675 1391 709 sustentasse
1421 684 1544 722 seque
1572 672 1625 709 ab

149 733 257 770 omni
292 745 480 782 perverso
524 746 705 771 sermone
746 733 980 780 custodisse,
1019 734 1158 771 laudes
1207 735 1408 781 cecinisse,
1447 747 1625 784 numque

149 795 280 832 oderit
317 808 463 832 vanam
500 795 679 845 gloriam,
719 810 817 833 num
855 797 1140 845 contempserit
1188 797 1426 846 superbiam,
1467 797 1623 846 sibique

149 858 316 907 elegerit
343 857 776 907 humilitatem‚—103.
806 863 905 896 tunc
926 859 1166 896 confiteatur
1186 860 1380 909 episcopo,
1400 859 1495 897 huic
1518 859 1625 897 enim

148 921 290 959 solide
310 922 395 970 ipso
415 925 476 958 est
495 922 726 971 impositum
753 935 864 969 onus,
887 926 935 959 ut
961 922 1167 972 episcopus
1196 935 1288 959 eum
1317 923 1513 972 approbet
1541 921 1626 972 dig-

148 997 326 1033 numque
344 983 493 1021 habeat
513 985 583 1033 qui
602 984 765 1021 fruatur
783 985 986 1034 mysteriis
1000 997 1011 1031 3
1035 983 1120 1034 jam
1141 985 1246 1021 enim
1265 984 1399 1022 factus
1418 989 1482 1022 est
1499 997 1624 1035 purus

148 1047 193 1083 in
224 1046 560 1084 veritate—104.
591 1046 703 1084 Tunc
740 1046 900 1096 legatur
938 1059 1057 1095 super
1095 1059 1186 1083 eum
1224 1047 1479 1096 evangelium
1516 1047 1625 1083 illius

148 1110 339 1160 temporis
355 1113 396 1146 et
411 1109 622 1159 aliquoties
637 1110 913 1159 interrogetur
928 1110 1009 1146 ita:
1034 1112 1056 1130 “
1067 1109 1213 1147 Nonne
1228 1122 1270 1147 es
1285 1109 1455 1159 duplicis
1470 1109 1625 1146 cordis?

149 1174 215 1211 vel
247 1173 354 1223 cogit
391 1177 433 1210 te
466 1173 600 1222 aliqua
638 1185 759 1210 causa
792 1173 857 1210 vel
894 1171 1227 1222 pudor2''—lO-5.
1259 1172 1357 1209 Non
1394 1173 1500 1210 enim
1529 1172 1625 1209 licet

149 1237 293 1286 aliquis
313 1248 436 1285 regno
456 1237 653 1273 coelorum
673 1235 821 1273 illudat
835 1248 847 1284 3
875 1235 1036 1285 quando
1057 1235 1164 1272 enim
1184 1234 1350 1273 advenit
1370 1247 1421 1273 ex
1440 1235 1624 1273 omnibus

149 1300 333 1339 cordibus
353 1312 490 1337 eorum
509 1299 636 1349 pellit.

233 1363 319 1400 106.
353 1362 432 1407 Qui
465 1366 601 1399 autem
633 1361 870 1411 baptizandi
903 1365 1012 1408 sunt,
1046 1361 1148 1399 feria
1183 1361 1329 1411 quinta
1360 1360 1623 1399 hebdomadis

148 1425 337 1462 laventur
356 1438 462 1475 aqua
476 1429 518 1462 et
533 1425 667 1471 edant,
686 1425 787 1462 feria
807 1429 944 1462 autem
965 1428 1081 1461 sexta
1097 1423 1447 1473 jejunent.—107.
1472 1424 1625 1461 Mulier

149 1491 286 1525 autem
316 1488 380 1524 cui
408 1488 621 1536 impuritas
650 1487 795 1524 accidit
823 1487 895 1523 illa
913 1487 1000 1524 vice
1019 1499 1070 1523 ne
1091 1487 1331 1535 baptizetur,
1354 1487 1423 1523 sed
1443 1486 1494 1524 ad
1513 1485 1624 1523 aliud

149 1554 308 1598 tempus
337 1548 549 1586 differatur
568 1562 648 1599 quo
676 1562 778 1599 pura
807 1549 1045 1586 erin—108.
1077 1548 1156 1585 Die
1176 1552 1312 1585 autem
1341 1549 1500 1586 sabbati
1527 1549 1625 1599 epis-

149 1623 268 1659 copus
298 1614 488 1647 convocet
516 1623 582 1648 eos
602 1611 672 1660 qui
701 1609 936 1660 baptizandi
965 1614 1061 1647 sunt
1081 1613 1124 1647 et
1150 1614 1311 1648 moneat
1340 1623 1407 1648 eos
1426 1614 1473 1648 ut
1493 1623 1625 1660 genua

149 1673 317 1710 flectant
345 1673 544 1722 capitibus
572 1673 623 1710 ad
652 1674 848 1710 orientem
877 1673 1079 1711 conversis
1098 1677 1140 1710 et
1160 1686 1303 1710 manus
1333 1686 1451 1723 super
1475 1686 1541 1711 eos
1560 1687 1625 1712 ex·

148 1735 313 1785 pandat,
336 1748 454 1772 orans
474 1739 521 1773 ut
541 1736 762 1785 malignum
791 1736 978 1785 spiritum
997 1736 1048 1772 ab
1068 1737 1253 1773 omnibus
1272 1737 1460 1773 membris
1488 1749 1624 1774 eorum

150 1801 485 1850 expellat—109.
509 1801 595 1850 Ipsi
606 1814 700 1839 vero
720 1805 890 1838 caveant
908 1814 959 1838 ne
979 1800 1125 1838 abhinc
1140 1802 1326 1850 operibus
1341 1805 1382 1839 et
1403 1802 1559 1839 actibus
1572 1801 1623 1839 ad

148 1864 237 1901 illos
274 1864 693 1901 revertantur.—HO.
736 1863 957 1914 Postquam
1000 1867 1135 1900 autem
1178 1863 1310 1901 finivit
1349 1863 1624 1913 adjurationes

149 1939 296 1973 eorum,
317 1927 361 1963 in
379 1926 502 1964 facies
522 1939 659 1964 eorum
679 1926 811 1964 sufflet
838 1927 1051 1976 signetque
1079 1930 1241 1975 pectora
1260 1931 1301 1964 et
1320 1926 1487 1975 frontes,
1508 1940 1624 1965 aures

149 1992 191 2025 et
221 2001 290 2026 ora
323 1989 618 2026 eorum.—lll.
650 1989 735 2037 Ipsi
768 1992 905 2025 autem
938 1992 1026 2025 tota
1058 1988 1129 2025 illa
1162 1993 1280 2026 nocte
1309 1989 1466 2038 vigilias
1498 1993 1625 2038 agant

149 2052 271 2088 sacris
290 2052 537 2089 sermonibus
557 2056 599 2088 et
618 2052 868 2089 orationibus
888 2051 1082 2100 occupati.

236 2113 324 2151 112.
355 2113 473 2150 Circa
505 2114 755 2163 gallicinium
788 2118 925 2150 autem
956 2113 1182 2150 consistant
1210 2126 1332 2163 prope
1360 2113 1623 2151 fluctuantem

150 2188 295 2224 aquam
333 2176 454 2213 maris
491 2189 648 2225 puram,
684 2180 881 2225 paratam,
922 2175 1238 2212 sacram.—113.
1270 2175 1350 2219 Qui
1384 2188 1457 2225 pro
1494 2175 1625 2212 infan-

148 2239 259 2275 tibus
278 2239 415 2288 parvis
444 2239 687 2288 respondent
716 2242 869 2276 exuant
895 2251 961 2275 eos
981 2239 1234 2275 vestimentis
1254 2239 1336 2275 suis
1350 2251 1361 2286 3
1389 2239 1458 2288 qui
1486 2243 1624 2277 tamen

146 2299 231 2349 jam
267 2300 417 2345 valent,
455 2301 532 2349 ipsi
577 2301 650 2337 soli
696 2300 768 2338 hoc
805 2312 948 2349 genere
994 2300 1312 2352 praeparationis
1363 2305 1621 2350 occupentur.

149 2361 295 2399 —114.
326 2361 519 2399 Mulieres
552 2367 688 2400 autem
725 2375 860 2400 omnes
898 2361 1077 2399 habeant
1103 2361 1214 2402 2alias
1251 2362 1420 2399 feminas
1460 2364 1622 2401 comites

150 2436 252 2473 quae
290 2424 470 2461 vestibus
510 2425 601 2461 illas
639 2424 975 2462 exuant.--—ll5.
1019 2423 1212 2465 Mulieres
1259 2424 1464 2474 deponant
1510 2438 1623 2463 orna-

149 2489 286 2522 menta
315 2490 357 2523 et
395 2499 516 2523 aurea
544 2491 586 2524 et
615 2491 758 2533 cetera,
791 2486 950 2523 solvant
979 2486 1149 2526 crinium
1178 2486 1313 2533 nodos,
1344 2499 1396 2524 ne
1424 2499 1514 2524 cum
1541 2488 1622 2525 illis

150 2546 367 2583 descendat
405 2548 449 2584 in
482 2560 626 2597 aquam
665 2548 979 2598 regenerationis
1018 2547 1234 2598 quidquam
1271 2549 1525 2599 peregrinum
1573 2550 1622 2588 de

150 2612 359 2661 spiritibus
379 2613 611 2662 peregrinis.
