1747 3121
190 188 277 231 534
818 202 1050 234 APPENDIX.

193 308 282 348 135.
316 308 475 347 Deinde
493 320 628 358 panno
647 320 738 345 eum
763 306 964 357 abstergit
993 336 1003 346 .
1035 336 1046 347 .
1074 336 1084 346 .
1115 310 1158 345 et
1186 307 1369 346 vestibus
1397 307 1588 346 indutum
1615 308 1660 345 in

186 371 392 409 ecclesiam
406 369 791 408 introducit.-—-136.
813 368 882 406 Ibi
901 369 1109 419 episcopus
1128 382 1295 407 manum
1314 370 1525 419 imponens
1537 371 1661 408 omni-

185 434 260 471 bus
289 434 361 484 qui
383 433 581 482 baptizati
608 435 705 469 sunt
733 431 831 468 haec
859 436 961 479 orat,
992 432 1130 469 dicens
1149 432 1308 470 :—137.
1342 431 1659 469 “Benedicimus

185 496 273 544 tibi,
295 497 547 546 omnipotens
574 496 748 533 Domine
779 495 902 542 Deus,
934 495 1031 546 quia
1059 495 1131 533 hos
1163 495 1305 545 dignos
1340 496 1554 533 reddidisti
1587 497 1660 546 qui

184 560 332 597 iterum
369 562 676 597 renascerentur
713 562 754 595 et
792 571 911 608 super
949 572 1049 609 quos
1088 558 1286 609 <Spiritum
1324 563 1441 597 tuum
1475 563 1660 597 sanctum

184 623 357 660 effundis
376 627 423 660 ut
438 623 523 672 jam
551 622 660 659 uniti
684 622 767 658 sint
796 621 950 670 corpori
979 621 1181 659 Ecclesiae
1210 635 1420 673 nunquam
1448 623 1662 672 separandi

184 686 369 735 operibus
407 684 710 722 alienis—138.
756 683 823 720 Da
860 684 995 733 potius
1034 684 1182 734 quibus
1219 685 1302 734 jam
1341 684 1491 722 dedisti
1528 685 1662 722 remis-

184 749 335 785 sionem
381 750 634 797 peccatorum
681 745 804 782 etiam
851 746 1052 796 ἀρραβῶνα
1097 747 1212 796 regni
1249 747 1311 784 tui
1348 759 1419 797 per
1457 746 1661 784 dominum

183 814 367 848 nostrum
404 809 546 847 Jesum
580 808 799 854 Christum,
839 820 911 857 per
955 821 1076 858 quem
1123 809 1200 846 tibi
1237 822 1329 847 cum
1366 810 1454 859 ipso
1491 813 1534 847 et
1571 823 1662 847 cum

186 872 340 922 Spiritu
386 875 526 909 sancto
571 871 698 920 gloria
743 870 788 907 in
834 870 992 907 saecula
1039 872 1298 918 saeculorum,
1340 870 1660 911 Amen.”—139.

186 935 345 972 Deinde
391 934 561 983 insignit
608 933 763 970 frontes
809 944 946 969 eorum
992 933 1107 982 signo
1153 933 1338 970 caritatis
1376 933 1662 983 osculaturque

186 1011 262 1044 eos,
294 998 457 1036 dicens:
491 996 727 1034 “Dominus
755 994 1151 1035 vobiscum.’'——140.
1185 996 1241 1033 Et
1269 996 1470 1046 baptizati
1499 1009 1661 1046 respon—

185 1062 306 1099 dent:
341 1061 433 1098 “Et
472 1073 562 1097 cum
600 1059 748 1109 spiritu
786 1057 895 1097 tu0.''
963 1057 1028 1095 Sic
1066 1059 1111 1095 in
1147 1058 1316 1108 singulis
1357 1059 1427 1109 qui
1465 1059 1662 1108 baptizati

184 1129 281 1163 sunt
300 1124 558 1162 facin—141.
591 1122 619 1160 J
622 1136 686 1160 am
706 1135 796 1160 cum
815 1124 904 1159 toto
922 1121 1070 1171 populo
1089 1126 1209 1160 orant
1238 1122 1310 1173 qui
1339 1135 1405 1160 eos
1430 1122 1662 1160 osculentur

186 1187 412 1239 gaudentes
432 1200 523 1225 cum
542 1187 592 1223 iis
612 1199 702 1223 cum
716 1184 973 1234 jubilatione.

269 1253 358 1292 142.
388 1250 550 1289 Deinde
588 1249 777 1287 diaconus
814 1248 959 1297 incipit
997 1247 1232 1294 sacrificare,
1273 1247 1480 1298 episcopus
1526 1251 1663 1286 autem

185 1314 318 1352 defert
338 1312 530 1363 reliquias
550 1311 802 1362 mysteriales
831 1310 1005 1360 corporis
1025 1314 1067 1347 et
1086 1310 1296 1359 sanguinis
1326 1310 1492 1347 Domini
1520 1311 1659 1348 nostri.

184 1376 332 1415 -143.
363 1374 535 1420 Quando
573 1379 710 1412 autem
747 1373 895 1419 finivit,
935 1373 1202 1410 communicat
1240 1373 1431 1422 populum
1469 1376 1581 1410 stans
1611 1373 1663 1411 ad

185 1451 365 1476 mensam
412 1437 589 1487 corporis
635 1440 678 1474 et
719 1436 928 1485 sanguinis
977 1435 1301 1473 Domini—144.
1343 1435 1399 1472 Et
1435 1436 1665 1486 presbyteri

186 1504 357 1551 portant
391 1500 490 1537 alios
524 1499 666 1536 calices
697 1498 815 1535 lactis
845 1501 887 1534 et
920 1497 1050 1534 mellis
1079 1500 1127 1534 ut
1165 1497 1335 1535 doceant
1366 1510 1433 1534 eos
1464 1498 1535 1548 qui
1566 1511 1665 1535 com-

186 1565 398 1601 municant
436 1563 585 1600 iterum
616 1574 658 1599 se
688 1565 806 1598 natos
838 1573 923 1598 esse
955 1564 1002 1596 ut
1032 1559 1204 1609 parvuli,
1239 1560 1335 1609 quia
1368 1561 1528 1609 parvuli
1562 1573 1665 1598 com-

185 1628 397 1665 municant
435 1627 497 1664 lac
536 1629 578 1663 et
615 1624 854 1662 me1.—-145.
886 1623 1139 1672 Presbyteris
1176 1635 1258 1660 non
1294 1624 1575 1673 praesentibus
1613 1623 1664 1660 ad

187 1690 407 1741 portandos
453 1689 545 1726 illos
592 1688 748 1734 calices,
795 1690 1012 1736 portentur
1058 1699 1082 1722 a
1131 1684 1473 1725 diaconis—146.
1505 1686 1671 1724 Deinde

186 1752 370 1803 porrigat
402 1751 484 1788 illis
517 1751 725 1800 episcopus
756 1748 805 1786 de
836 1760 998 1797 corpore
1030 1747 1194 1794 Christi,
1230 1746 1393 1787 dicens:
1436 1747 1565 1786 “Hoc
1602 1752 1665 1785 est

189 1829 331 1866 corpus
352 1813 542 1853 Christi.''
599 1813 669 1850 Illi
688 1825 782 1850 vero
809 1812 947 1850 dicant
965 1827 973 1851 ς
1005 1810 1355 1850 “Amen.''—147.
1386 1810 1443 1848 Et
1462 1811 1499 1848 ei
1518 1811 1665 1861 quibus

189 1878 291 1930 (ille)
314 1878 479 1916 calicem
497 1876 679 1927 porrigit,
703 1875 863 1914 dicens:
894 1872 1016 1911 “Hic
1041 1876 1104 1910 est
1130 1873 1295 1922 sanguis
1317 1872 1482 1919 Christi,
1504 1872 1666 1912 dicant:

190 1941 510 1982 Amen.''—-148.
542 1939 691 1977 Postea
724 1942 861 1975 autem
894 1941 1058 1974 sumant
1087 1936 1149 1973 lac
1180 1940 1222 1974 et
1250 1935 1329 1973 mel
1361 1936 1406 1973 in
1436 1936 1666 1974 memoriam

187 2005 335 2043 saeculi
365 2003 499 2041 futuri
528 2006 571 2039 et
599 2001 822 2039 dulcedinis
854 2000 1050 2037 bonorum
1083 2011 1188 2049 quae
1226 2002 1323 2036 sunt
1360 1994 1540 2037 studium
1577 1999 1665 2049 ejus

190 2067 262 2117 qui
281 2079 362 2104 non
381 2065 489 2103 redit
510 2064 561 2101 ad
581 2062 904 2108 amaritudinem,
927 2074 1058 2112 neque
1078 2061 1339 2110 dissipentur.

272 2129 361 2167 149.
391 2129 420 2166 J
423 2141 487 2165 am
518 2140 612 2165 vero
641 2126 743 2164 facti
773 2129 869 2162 sunt
900 2124 1125 2162 Christiani
1154 2124 1336 2173 perfecti,
1367 2124 1439 2174 qui
1470 2124 1665 2163 fruuntur

189 2205 351 2243 corpore
385 2191 539 2229 Christi
570 2194 612 2228 et
642 2189 956 2240 progrediuntur
992 2189 1037 2225 in
1075 2187 1283 2237 sapientia,
1320 2190 1368 2224 ut
1405 2187 1689 2227 illustrentur.

188 2268 318 2293 mores
356 2267 493 2292 eorum
522 2253 759 2299 virtutibus,
790 2265 872 2289 non
905 2250 1187 2289 tantummodo
1226 2262 1358 2288 coram
1392 2263 1434 2287 se
1464 2251 1562 2300 ipsis
1595 2249 1666 2288 sed

189 2317 313 2354 etiam
351 2329 484 2354 coram
522 2314 707 2353 omnibus
745 2313 936 2363 gentibus
970 2326 1074 2363 quae
1112 2325 1194 2350 non
1230 2312 1316 2349 sine
1353 2312 1507 2349 invidia
1545 2312 1665 2349 admi-

189 2379 389 2415 rabuntur
436 2377 662 2427 profectum
718 2388 856 2413 eorum
913 2375 985 2425 qui
1032 2374 1258 2424 gloriantur
1314 2374 1490 2423 ipsorum
1537 2386 1666 2412 mores

189 2439 415 2489 superiores
431 2443 473 2475 et
492 2437 809 2488 praestantiores
828 2449 912 2474 esse
932 2437 1110 2473 moribus
1130 2439 1353 2472 ceterorum
1373 2434 1591 2475 hominum.

274 2502 363 2541 150.
394 2502 434 2538 Ii
482 2514 578 2539 vero
629 2501 699 2550 qui
747 2500 1020 2549 baptizantur,
1063 2512 1152 2536 cum
1200 2499 1343 2536 ceteris
1391 2498 1463 2548 qui
1506 2499 1667 2536 illorum

187 2565 345 2616 jejunio
375 2568 471 2602 sunt
502 2564 699 2610 adstricti,
733 2563 836 2600 nihil
864 2563 1089 2612 gustabunt
1118 2565 1338 2611 antequam
1367 2562 1583 2599 sumserint
1617 2561 1667 2598 de

194 2639 359 2678 corpore
399 2625 577 2665 Christi:
624 2623 728 2663 illud
764 2625 869 2662 enim
907 2637 989 2662 non
1026 2624 1307 2662 aestimaretur
1347 2621 1557 2673 jejunium,
1597 2624 1666 2663 sed
