1747 3121
170 184 253 225 500
791 197 1022 229 APPENDIX.

167 302 281 353 dixi),
302 308 512 341 remanent
532 303 615 341 dies
634 304 904 353 quadraginta
923 309 965 342 et
990 318 1115 342 unum
1144 307 1213 356 qui
1239 308 1479 356 jejunantur
1495 322 1504 355 ;
1534 310 1640 359 quod

168 365 230 402 hic
250 366 457 415 appellant
478 366 637 412 Eortae,
661 366 702 403 id
723 371 783 403 est
806 367 1153 417 Quadragesimas.

627 566 661 605 1.
691 565 859 604 Services
893 579 940 603 on
975 565 1165 615 Sandays.

248 679 404 728 Singuli
441 681 577 715 autem
611 677 696 715 dies
727 677 980 725 singularum
1011 675 1324 713 ebdomadarum
1358 680 1537 725 aguntur
1574 677 1640 723 sic,

168 742 207 779 id
244 745 306 779 est
339 745 386 778 ut
424 740 489 778 die
526 740 725 778 dominica
764 739 813 776 de
850 739 961 788 pullo
991 739 1119 788 primo
1151 738 1260 787 legat
1292 739 1496 788 episcopus
1534 740 1645 776 intra

166 804 365 841 Anastase
403 802 533 839 locum
571 801 878 839 resurrectionis
918 800 1082 837 Domini
1119 799 1169 837 de
1206 800 1426 849 evangelio,
1465 801 1570 838 sicut
1603 805 1645 838 et

166 869 254 903 toto
286 878 394 902 anno
428 864 635 902 dominicis
674 864 815 901 diebus
849 862 946 916 fi[t],
981 866 1023 900 et
1056 862 1242 899 similiter
1276 875 1401 913 usque
1434 862 1486 900 ad
1516 864 1645 900 lucem

166 933 344 977 aguntur
363 927 415 965 ad
427 927 676 964 Anastasem
696 931 738 964 et
757 925 811 964 ad
824 926 994 964 Crucem
1015 938 1118 976 quae
1138 929 1180 962 et
1199 929 1289 963 toto
1309 939 1414 963 anno
1435 926 1645 963 dominicis

166 991 305 1028 diebus
335 992 450 1028 fiunt.
511 989 772 1028 Postmodum
800 1002 928 1033 mane,
953 989 1056 1025 sicut
1086 992 1127 1025 et
1157 1001 1310 1038 semper
1340 988 1538 1026 dominica
1566 989 1643 1035 die,

166 1054 407 1103 proceditur,
441 1057 482 1090 et
516 1057 697 1102 aguntur
731 1064 835 1103 quae
869 1051 1078 1088 dominicis
1117 1050 1257 1088 diebus
1296 1051 1544 1088 consuetudo
1582 1055 1645 1088 est

166 1118 241 1166 agi,
277 1117 320 1153 in
350 1116 515 1153 ecclesia
545 1117 697 1164 majore
727 1127 830 1166 quae
863 1113 1091 1163 appellatur
1124 1113 1339 1163 Martyrio,
1374 1127 1477 1163 quae
1509 1118 1571 1151 est
1602 1114 1646 1151 in

167 1179 369 1228 Golgotha
401 1183 491 1228 post
526 1177 706 1215 Crucem.
767 1177 821 1214 Et
853 1176 1050 1222 similiter,
1087 1176 1208 1212 missa
1242 1175 1291 1213 de
1324 1177 1490 1214 ecclesia
1521 1176 1643 1222 facta,

167 1243 217 1280 ad
254 1244 458 1280 Anastase
488 1242 572 1278 itur
612 1254 700 1279 cum
739 1241 882 1290 ymnis,
923 1240 1027 1276 sicut
1067 1251 1220 1288 semper
1258 1238 1467 1276 dominicis
1505 1239 1645 1276 diebus

168 1306 224 1343 fit.
282 1304 397 1342 Haec
417 1317 510 1354 ergo
539 1303 635 1341 dum
664 1307 856 1353 aguntur,
876 1301 976 1338 facit
1005 1313 1046 1338 se
1074 1300 1173 1338 hora
1200 1301 1357 1351 quinta.
1416 1301 1646 1339 Lucernare

178 1370 250 1406 hoc
279 1368 386 1405 idem
412 1367 510 1404 hora
540 1380 612 1403 sua
633 1367 692 1412 fit,
713 1367 818 1403 sicut
838 1379 992 1415 semper
1012 1366 1063 1403 ad
1080 1368 1321 1403 Anastasem
1341 1370 1383 1403 et
1401 1365 1453 1402 ad
1474 1365 1654 1410 Crucem,

177 1433 281 1469 sicut
318 1435 360 1468 et
399 1430 568 1480 singulis
607 1429 703 1467 locis
741 1430 893 1467 sanctis
931 1430 977 1466 fit
992 1443 1004 1478 3
1051 1429 1250 1467 dominica
1291 1430 1398 1467 enim
1440 1428 1505 1466 die
1546 1440 1656 1465 nona

178 1507 259 1531 non
274 1493 284 1513 ¹
310 1493 370 1532 fit.

682 1631 716 1667 2.
757 1628 961 1679 Week-day
991 1629 1170 1668 services.

262 1734 368 1772 Item
398 1733 573 1771 secunda
602 1733 704 1771 feria
733 1734 920 1771 similiter
953 1734 1001 1771 de
1030 1735 1141 1783 pullo
1169 1735 1297 1784 primo
1327 1735 1378 1773 ad
1410 1736 1655 1773 Anastasem

181 1797 265 1834 itur
289 1797 395 1834 sicut
421 1800 463 1834 et
489 1801 577 1834 toto
605 1809 724 1843 anno,
745 1801 786 1835 et
805 1801 982 1846 aguntur
1003 1810 1127 1847 usque
1151 1797 1202 1834 ad
1225 1811 1342 1835 mane
1366 1811 1466 1848 quae
1489 1811 1655 1848 semper.

182 1859 329 1896 Denuo
354 1858 407 1896 ad
436 1859 563 1895 tertia
594 1859 677 1896 itur
703 1858 754 1895 ad
780 1859 1029 1905 Anastasim,
1053 1865 1094 1896 et
1123 1864 1301 1908 aguntur
1321 1872 1421 1909 quae
1444 1863 1532 1897 toto
1552 1873 1658 1897 anno

182 1920 232 1958 ad
271 1924 429 1958 sextam
469 1921 604 1958 solent
642 1921 732 1970 agi:
763 1922 953 1970 quoniam
990 1922 1034 1958 in
1071 1921 1212 1959 diebus
1252 1922 1658 1972 Quadragesimarum

183 1987 224 2020 et
244 1982 319 2020 hoc
339 1983 515 2029 additur,
537 1988 584 2021 ut
612 1983 663 2020 ad
692 1984 855 2021 tertiam
887 1989 1004 2021 eatur
1022 1998 1032 2031 3
1060 1985 1158 2022 item
1181 1984 1232 2022 ad
1263 1989 1420 2022 sextam
1443 1989 1485 2023 et
1511 1998 1658 2023 nonam

183 2049 224 2082 et
249 2045 459 2082 lucernare
479 2046 539 2082 ita
559 2049 738 2093 aguntur
766 2046 870 2082 sicut
894 2046 1140 2083 consuetudo
1167 2050 1228 2084 est
1254 2060 1324 2097 per
1354 2051 1486 2084 totum
1509 2060 1658 2084 annum

185 2108 248 2156 agi
287 2119 442 2156 semper
479 2108 523 2144 in
560 2108 656 2157 ipsis
694 2108 788 2145 locis
827 2109 986 2145 sanctis.
1065 2108 1258 2146 Similiter
1295 2113 1337 2146 et
1382 2109 1507 2146 tertia
1545 2109 1658 2157 feria,

187 2169 373 2207 similiter
393 2170 526 2207 omnia
548 2175 724 2220 aguntur
744 2171 848 2207 sicut
868 2175 909 2208 et
929 2170 1103 2207 secunda
1116 2170 1229 2208 feria.

617 2361 653 2401 3.
693 2360 931 2410 Wednesday
962 2361 1040 2398 and
1070 2359 1230 2410 Friday.

273 2476 429 2521 Quarta
458 2476 560 2513 feria
590 2480 728 2513 autem
766 2476 951 2512 similiter
987 2475 1071 2512 itur
1109 2475 1158 2512 de
1196 2479 1317 2512 noctu
1357 2474 1406 2511 ad
1441 2475 1657 2522 Anastase,

187 2545 230 2578 et
267 2544 445 2588 aguntur
475 2551 523 2575 ea
560 2550 663 2588 quae
700 2550 855 2587 semper
887 2550 1012 2587 usque
1049 2537 1101 2575 ad
1139 2550 1255 2575 mane
1270 2551 1282 2585 3
1310 2537 1493 2576 similiter
1530 2543 1572 2577 et
1608 2539 1660 2577 ad

726 2664 737 2685 ⁸
763 2665 779 2697 1
797 2665 920 2706 supply
936 2665 1016 2696 here
1036 2675 1108 2697 non.
