1747 3121
129 154 210 195 108
283 165 517 195 cnsrsrrAN
550 165 776 195 wonsfflrz
809 165 876 194 irs
907 164 1060 195 omem
1086 164 1177 194 AND
1209 163 1468 194 Evoturron.

127 263 355 318 specimen,
379 264 510 305 taken
522 264 633 305 from
656 264 730 304 the
744 263 864 304 office
879 263 945 303 for
965 263 1039 303 the
1055 262 1162 317 vigil
1177 263 1224 304 of
1250 264 1323 304 the
1345 260 1604 317 Epiphany,1

126 332 220 373 wffl
239 333 336 387 give
358 347 413 374 an
433 333 529 374 idea
552 333 598 374 of
626 334 700 374 the
722 332 1016 374 combination
1037 333 1224 374 referred
1244 337 1289 373 to
1306 349 1373 373 :—

197 445 448 481 Miraculorum
471 445 660 491 primordia
684 457 776 491 quae
802 445 965 480 dominus
989 450 1110 481 noster
1135 446 1157 481 J
1161 457 1240 480 esus
1265 445 1426 480 Christus
1450 445 1607 492 proferre

126 501 163 536 in
195 502 401 547 adsumptae
435 501 549 536 carnis
583 502 740 536 novitate
783 501 948 546 dignatus
989 506 1054 545 est,
1085 502 1228 537 Fratres
1268 501 1454 545 karissimi,
1489 501 1607 536 debita

127 557 343 591 exultatione
356 568 568 592 veneremur
581 570 589 601 ς
609 557 691 603 quia
703 557 786 592 dum
798 569 835 592 se
848 558 965 593 Deum
977 558 1071 593 intra
1081 558 1238 593 humana
1249 558 1384 593 viscera
1397 557 1608 604 proferebat,

121 611 200 657 jam
217 611 260 646 de
273 611 393 646 salutis
407 616 549 647 nostrae
566 612 786 648 absolutione
798 613 984 649 tractabat.
1034 614 1153 649 Homo
1168 617 1222 648 est
1237 613 1357 659 utique
1374 613 1544 648 invitatus
1562 613 1608 648 ad

128 666 269 712 nuptias
282 679 292 711 3
318 671 354 701 et
371 667 465 712 quod
479 667 517 702 in
533 668 665 713 nuptiis
681 668 827 714 protulit
847 669 963 704 Deum
987 669 1162 716 probavit.
1211 668 1320 714 Cujus
1337 669 1526 715 praeconia
1542 681 1609 704 nec

126 724 218 759 inter
246 724 321 769 ipsa
350 724 491 769 quidem
520 724 693 759 virtutum
721 737 907 771 possumus
933 725 1134 760 rudimenta
1165 725 1391 771 depromere3
1431 725 1494 760 sed
1523 725 1608 759 dum

127 783 307 814 tantarum
331 790 449 814 rerum
483 781 717 827 stupescimus
750 781 906 826 gloriam,
934 781 1202 816 temeritatem2
1227 780 1463 827 proferendae
1496 780 1609 815 laudis

127 834 350 880 ingredimur.
417 836 553 870 Humili
587 848 669 882 ergo
700 837 857 872 oratione
888 848 1074 882 poscamus
1107 840 1147 871 ut
1177 848 1241 882 per
1274 837 1390 882 ipsum
1420 835 1466 871 ad
1497 836 1610 871 vitam

127 895 309 925 aeternam
322 890 426 926 nobis
438 891 612 926 tribuatur
625 892 812 937 ingressus,
829 892 927 938 cujus
940 892 1135 927 nativitatis
1152 891 1284 926 lumine
1297 891 1389 926 orbis
1407 891 1609 926 inlustratus

131 949 185 980 est
200 945 397 981 universus.
448 946 548 987 Quod
573 947 647 993 ipse
671 953 850 993 praestare
867 948 1031 993 dignetur
1048 947 1106 994 qui
1124 948 1159 982 in
1177 948 1334 983 trinitate
1350 947 1506 994 perfecta
1521 947 1611 982 vivit

128 1005 164 1036 et
180 1005 304 1047 regnat
315 1002 353 1036 in
369 1002 510 1037 saecula
527 1003 756 1039 saeculorum.

649 1204 854 1229 COLLECTIO
881 1204 1079 1233 SEQUITUR.

200 1281 431 1327 Omnipotens
465 1284 501 1315 et
530 1281 729 1316 misericors
754 1282 859 1326 Deus,
890 1282 985 1328 plebi
1012 1286 1094 1317 tuae
1130 1283 1335 1329 suppliciter
1365 1283 1527 1318 exoranti
1554 1284 1611 1330 pia

131 1337 347 1382 benignitate
366 1337 550 1382 responde,
568 1348 673 1382 quam
689 1337 802 1372 cernis
826 1338 863 1371 in
887 1338 955 1372 hoc
974 1338 1030 1372 die
1048 1338 1143 1373 fideli
1160 1338 1346 1374 devotione
1364 1338 1526 1384 gaudere,
1542 1350 1611 1385 quo

131 1392 293 1427 dominus
316 1404 358 1428 ac
384 1394 481 1427 Deus
511 1397 630 1428 noster
657 1405 742 1427 vera
769 1393 966 1428 humilitate
997 1398 1160 1439 suscepta
1187 1395 1236 1429 sic
1265 1395 1429 1429 servilem
1458 1395 1608 1429 formam

131 1448 402 1484 misericorditer
420 1449 575 1483 ostendit
599 1448 636 1483 in
662 1448 801 1484 saeculo
820 1453 860 1484 ut
881 1450 1037 1484 divinam
1062 1450 1258 1495 potentiam
1283 1462 1383 1485 suam
1406 1450 1613 1486 mirabiliter

136 1508 349 1539 monstraret
373 1505 409 1539 in
428 1504 537 1539 caelo.
587 1504 655 1545 Qui
682 1505 776 1539 enim
801 1516 864 1551 pro
889 1505 991 1540 nobis
1015 1517 1102 1551 puer
1128 1506 1293 1551 parvulus
1318 1506 1394 1549 fuit,
1411 1506 1485 1552 ipse
1504 1506 1550 1540 ad
1574 1518 1611 1541 se

137 1570 260 1605 magos
288 1562 402 1596 officio
435 1559 556 1595 stellae
588 1560 789 1606 praeeuntis
819 1560 978 1596 adduxit.
1035 1560 1268 1596 Obsecramus
1292 1562 1420 1606 itaque,
1448 1562 1610 1608 Domine,

135 1613 360 1648 clementiam
389 1617 499 1658 tuam,
525 1619 566 1650 ut
589 1615 679 1650 sicut
702 1615 769 1650 illis
793 1615 920 1650 dedisti
948 1616 1129 1651 Christum
1157 1620 1259 1651 tuum
1284 1628 1408 1651 verum
1432 1617 1548 1651 Deum
1574 1617 1612 1652 in

133 1681 218 1704 vera
242 1681 347 1705 carne
368 1681 592 1716 cognoscere,
618 1671 667 1706 sic
690 1683 812 1706 omnes
835 1672 959 1707 fideles
980 1676 1061 1707 tuos
1083 1683 1171 1718 quos
1196 1676 1356 1707 materno
1383 1673 1461 1707 sinu
1488 1676 1612 1708 sancta

134 1730 250 1772 gestat
266 1726 426 1762 Ecclesia
451 1727 488 1762 in
504 1727 681 1773 praesenti
698 1732 858 1774 tempore
883 1732 1047 1773 protegas
1064 1728 1219 1762 invictae
1237 1728 1376 1762 virtutis
1393 1728 1525 1763 auxilio
1536 1729 1550 1750 3
1575 1733 1611 1763 et

130 1781 169 1816 in
185 1782 303 1817 futuro
322 1782 429 1817 facias
451 1783 551 1828 regni
575 1783 736 1818 caelestis
754 1783 902 1829 adipisci
926 1783 1102 1819 munera4
1128 1783 1354 1829 sempiterna.
1404 1784 1472 1819 Per
1496 1784 1612 1830 ipsum

134 1837 317 1872 dominum
358 1842 518 1873 nostrum
559 1839 583 1873 J
587 1850 685 1874 esum
727 1838 906 1874 Christum
940 1839 1051 1874 filium
1085 1842 1195 1884 tuum,
1230 1839 1289 1885 qui
1326 1844 1446 1874 tecum
1486 1840 1612 1875 beatus

132 1895 233 1939 vivit,
248 1900 316 1931 etc.

222 2021 277 2062 In
319 2022 393 2063 the
433 2022 601 2063 Roman
642 2023 823 2077 Liturgy
859 2023 941 2064 few
981 2023 1250 2064 formularies
1292 2024 1338 2064 of
1378 2024 1465 2065 this
1505 2025 1613 2066 kind

134 2092 245 2133 have
276 2092 385 2133 been
415 2093 653 2146 preserved.
734 2092 917 2146 Enough
949 2091 995 2133 of
1021 2092 1151 2143 them,
1183 2092 1391 2144 however,
1425 2093 1535 2135 exist
1567 2099 1612 2135 to

134 2160 287 2202 enable
325 2174 375 2201 us
408 2165 452 2201 to
493 2165 759 2202 reconstruct
800 2161 872 2202 the
914 2162 1087 2202 ancient
1131 2175 1219 2203 use.
1292 2162 1316 2202 I
1346 2163 1527 2216 append,
1562 2176 1608 2204 as

138 2243 193 2270 an
223 2229 430 2280 instance,
464 2230 538 2270 the
569 2229 800 2283 following,
830 2230 963 2270 taken
993 2230 1103 2271 from
1133 2231 1208 2272 the
1237 2231 1402 2273 solemn
1435 2245 1609 2286 prayers

135 2303 182 2345 of
201 2302 322 2343 Good
354 2302 543 2357 Friday.⁵

203 2429 213 2447 ¹
238 2429 377 2462 Missale
395 2429 581 2462 Gothicum.
630 2429 811 2469 Muratori‚
827 2429 895 2462 Lit.
914 2430 1066 2462 Romana
1093 2430 1195 2470 Vetus,
1211 2430 1275 2463 vol.
1293 2430 1328 2462 ii.
1347 2440 1378 2471 p.
1396 2431 1468 2463 536.

204 2482 217 2500 ²
240 2481 316 2512 The
329 2481 468 2522 printed
484 2481 615 2513 edition
630 2481 692 2513 has
708 2482 913 2514 temeritatis.

209 2532 222 2551 ³
245 2531 288 2563 In
304 2532 364 2563 the
380 2532 519 2573 printed
535 2532 675 2571 edition,
692 2533 869 2564 amilium.

207 2582 220 2599 4
243 2581 286 2612 In
301 2581 361 2612 the
385 2581 523 2622 printed
546 2582 686 2621 edition,
699 2593 831 2614 munere
846 2583 1048 2624 sempiterno.

204 2634 216 2650 ⁵
240 2632 407 2665 Gelasian
423 2632 624 2665 Sacramewt.
675 2634 852 2672 Muratori‚
870 2634 936 2665 Lit.
955 2635 1046 2666 Rom.
1069 2634 1150 2673 Vet„
1167 2634 1229 2666 Vol.
1247 2634 1267 2665 i.
1285 2645 1316 2676 p.
1334 2636 1406 2667 560.
