<?xml version="1.0" encoding="UTF-8"?>
<!DOCTYPE html PUBLIC "-//W3C//DTD XHTML 1.0 Transitional//EN"
    "http://www.w3.org/TR/xhtml1/DTD/xhtml1-transitional.dtd">
<html xmlns="http://www.w3.org/1999/xhtml" xml:lang="en" lang="en">
 <head>
  <title>
</title>
<meta http-equiv="Content-Type" content="text/html;charset=utf-8" />
  <meta name='ocr-system' content='tesseract 3.04.00' />
  <meta name='ocr-capabilities' content='ocr_page ocr_carea ocr_par ocr_line ocrx_word'/>
</head>
<body>
  <div class='ocr_page' id='page_1' title='image "./christianworship00duch_0524.png"; bbox 0 0 1747 3121; ppageno 0'>
   <div class='ocr_carea' id='block_1_1' title="bbox 169 195 1021 235">
    <p class='ocr_par' dir='ltr' id='par_1_1' title="bbox 169 195 1021 235">
     <span class='ocr_line' id='line_1_1' title="bbox 169 195 1021 235; baseline -0.006 0"><span class='ocrx_word' id='word_1_1' title='bbox 169 195 252 235; x_wconf 83' lang='lat'><strong>498</strong></span> <span class='ocrx_word' id='word_1_2' title='bbox 791 202 1021 233; x_wconf 79' lang='lat' dir='ltr'><strong>APPENDIX.</strong></span> 
     </span>
    </p>
   </div>
   <div class='ocr_carea' id='block_1_2' title="bbox 167 307 1650 1175">
    <p class='ocr_par' dir='ltr' id='par_1_2' title="bbox 167 307 1650 1175">
     <span class='ocr_line' id='line_1_2' title="bbox 167 307 1641 362; baseline -0.005 -13"><span class='ocrx_word' id='word_1_3' title='bbox 167 325 294 362; x_wconf 82' lang='lat' dir='ltr'><strong>genus</strong></span> <span class='ocrx_word' id='word_1_4' title='bbox 331 327 497 351; x_wconf 86' lang='lat' dir='ltr'><strong>aureum</strong></span> <span class='ocrx_word' id='word_1_5' title='bbox 536 315 780 362; x_wconf 84' lang='lat' dir='ltr'><strong>gemmatum</strong></span> <span class='ocrx_word' id='word_1_6' title='bbox 809 308 1014 359; x_wconf 82' lang='lat' dir='ltr'><strong>profertur</strong></span> <span class='ocrx_word' id='word_1_7' title='bbox 1044 308 1115 345; x_wconf 90' lang='lat' dir='ltr'><strong>illa</strong></span> <span class='ocrx_word' id='word_1_8' title='bbox 1144 308 1218 346; x_wconf 89' lang='lat' dir='ltr'><strong>die.</strong></span> <span class='ocrx_word' id='word_1_9' title='bbox 1277 307 1478 346; x_wconf 81' lang='lat' dir='ltr'><strong>Numerus</strong></span> <span class='ocrx_word' id='word_1_10' title='bbox 1507 309 1641 343; x_wconf 88' lang='lat' dir='ltr'><strong>autem</strong></span> 
     </span>
     <span class='ocr_line' id='line_1_3' title="bbox 167 369 1643 425; baseline -0.004 -14"><span class='ocrx_word' id='word_1_11' title='bbox 167 375 232 411; x_wconf 86' lang='lat' dir='ltr'><strong>vel</strong></span> <span class='ocrx_word' id='word_1_12' title='bbox 269 376 504 425; x_wconf 85' lang='lat' dir='ltr'><strong>ponderatio</strong></span> <span class='ocrx_word' id='word_1_13' title='bbox 549 375 598 411; x_wconf 88' lang='lat' dir='ltr'><strong>de</strong></span> <span class='ocrx_word' id='word_1_14' title='bbox 640 372 848 417; x_wconf 80' lang='lat' dir='ltr'><strong>ceriofalis‚</strong></span> <span class='ocrx_word' id='word_1_15' title='bbox 888 371 953 408; x_wconf 86' lang='lat' dir='ltr'><strong>vel</strong></span> <span class='ocrx_word' id='word_1_16' title='bbox 991 370 1204 416; x_wconf 83' lang='lat' dir='ltr'>cicindelis,</span> <span class='ocrx_word' id='word_1_17' title='bbox 1245 373 1318 406; x_wconf 88' lang='lat' dir='ltr'><strong>aut</strong></span> <span class='ocrx_word' id='word_1_18' title='bbox 1355 370 1538 415; x_wconf 87' lang='lat' dir='ltr'><strong>lucernis,</strong></span> <span class='ocrx_word' id='word_1_19' title='bbox 1579 369 1643 405; x_wconf 89' lang='lat' dir='ltr'><strong>vel</strong></span> 
     </span>
     <span class='ocr_line' id='line_1_4' title="bbox 167 430 1643 484; baseline -0.003 -11"><span class='ocrx_word' id='word_1_20' title='bbox 167 436 325 475; x_wconf 89' lang='lat' dir='ltr'><strong>diverso</strong></span> <span class='ocrx_word' id='word_1_21' title='bbox 362 437 594 483; x_wconf 88' lang='lat' dir='ltr'><strong>ministerio,</strong></span> <span class='ocrx_word' id='word_1_22' title='bbox 635 434 820 484; x_wconf 85' lang='lat' dir='ltr'><strong>nunquid</strong></span> <span class='ocrx_word' id='word_1_23' title='bbox 858 434 921 470; x_wconf 81' lang='lat' dir='ltr'><strong>vel</strong></span> <span class='ocrx_word' id='word_1_24' title='bbox 965 433 1155 470; x_wconf 80' lang='lat' dir='ltr'><strong>extimari</strong></span> <span class='ocrx_word' id='word_1_25' title='bbox 1199 436 1272 469; x_wconf 88' lang='lat' dir='ltr'><strong>aut</strong></span> <span class='ocrx_word' id='word_1_26' title='bbox 1318 432 1440 469; x_wconf 81' lang='lat' dir='ltr'><strong>scribi</strong></span> <span class='ocrx_word' id='word_1_27' title='bbox 1485 430 1643 481; x_wconf 71' lang='lat' dir='ltr'><strong>potest&#39;.²</strong></span> 
     </span>
     <span class='ocr_line' id='line_1_5' title="bbox 172 497 1649 554; baseline -0.007 -11"><span class='ocrx_word' id='word_1_28' title='bbox 172 505 281 542; x_wconf 88' lang='lat' dir='ltr'><strong>Nam</strong></span> <span class='ocrx_word' id='word_1_29' title='bbox 307 505 404 554; x_wconf 88' lang='lat' dir='ltr'><strong>quid</strong></span> <span class='ocrx_word' id='word_1_30' title='bbox 429 504 557 540; x_wconf 84' lang='lat' dir='ltr'><strong>dicam</strong></span> <span class='ocrx_word' id='word_1_31' title='bbox 584 502 633 539; x_wconf 93' lang='lat' dir='ltr'><strong>de</strong></span> <span class='ocrx_word' id='word_1_32' title='bbox 661 497 1015 538; x_wconf 77' lang='lat' dir='ltr'><strong>ornatufabricae</strong></span> <span class='ocrx_word' id='word_1_33' title='bbox 1044 499 1179 547; x_wconf 84' lang='lat' dir='ltr'><strong>ipsius,</strong></span> <span class='ocrx_word' id='word_1_34' title='bbox 1202 511 1323 547; x_wconf 88' lang='lat' dir='ltr'><strong>quam</strong></span> <span class='ocrx_word' id='word_1_35' title='bbox 1353 497 1649 535; x_wconf 64' lang='lat' dir='ltr'><strong>Constantinus</strong></span> 
     </span>
     <span class='ocr_line' id='line_1_6' title="bbox 171 560 1647 618; baseline -0.007 -12"><span class='ocrx_word' id='word_1_36' title='bbox 171 569 247 606; x_wconf 89' lang='lat' dir='ltr'><strong>sub</strong></span> <span class='ocrx_word' id='word_1_37' title='bbox 275 567 503 618; x_wconf 87' lang='lat' dir='ltr'><strong>praesentia</strong></span> <span class='ocrx_word' id='word_1_38' title='bbox 531 565 672 601; x_wconf 88' lang='lat' dir='ltr'><strong>matris</strong></span> <span class='ocrx_word' id='word_1_39' title='bbox 701 576 808 609; x_wconf 87' lang='lat' dir='ltr'><strong>suae,</strong></span> <span class='ocrx_word' id='word_1_40' title='bbox 828 563 872 599; x_wconf 89' lang='lat' dir='ltr'><strong>in</strong></span> <span class='ocrx_word' id='word_1_41' title='bbox 900 565 1099 611; x_wconf 88' lang='lat' dir='ltr'><strong>quantum</strong></span> <span class='ocrx_word' id='word_1_42' title='bbox 1127 561 1231 597; x_wconf 83' lang='lat' dir='ltr'><strong>vires</strong></span> <span class='ocrx_word' id='word_1_43' title='bbox 1262 561 1376 610; x_wconf 82' lang='lat' dir='ltr'><strong>regni</strong></span> <span class='ocrx_word' id='word_1_44' title='bbox 1406 561 1469 598; x_wconf 89' lang='lat' dir='ltr'><strong>sui</strong></span> <span class='ocrx_word' id='word_1_45' title='bbox 1491 560 1647 606; x_wconf 88' lang='lat' dir='ltr'><strong>habuit,</strong></span> 
     </span>
     <span class='ocr_line' id='line_1_7' title="bbox 173 622 1649 673; baseline -0.006 -6"><span class='ocrx_word' id='word_1_46' title='bbox 173 629 389 667; x_wconf 80' lang='lat' dir='ltr'><strong>honoravit</strong></span> <span class='ocrx_word' id='word_1_47' title='bbox 436 640 544 673; x_wconf 89' lang='lat' dir='ltr'><strong>auro,</strong></span> <span class='ocrx_word' id='word_1_48' title='bbox 584 626 742 663; x_wconf 83' lang='lat' dir='ltr'><strong>musivo</strong></span> <span class='ocrx_word' id='word_1_49' title='bbox 780 629 822 662; x_wconf 90' lang='lat' dir='ltr'><strong>et</strong></span> <span class='ocrx_word' id='word_1_50' title='bbox 858 636 1055 661; x_wconf 90' lang='lat' dir='ltr'><strong>marmore</strong></span> <span class='ocrx_word' id='word_1_51' title='bbox 1092 623 1278 672; x_wconf 87' lang='lat' dir='ltr'><strong>pretioso,</strong></span> <span class='ocrx_word' id='word_1_52' title='bbox 1319 626 1404 659; x_wconf 88' lang='lat' dir='ltr'><strong>tam</strong></span> <span class='ocrx_word' id='word_1_53' title='bbox 1442 622 1649 659; x_wconf 86' lang='lat' dir='ltr'><strong>ecclesiam</strong></span> 
     </span>
     <span class='ocr_line' id='line_1_8' title="bbox 172 685 1650 742; baseline -0.006 -12"><span class='ocrx_word' id='word_1_54' title='bbox 172 694 374 742; x_wconf 85' lang='lat' dir='ltr'><strong>majorem,</strong></span> <span class='ocrx_word' id='word_1_55' title='bbox 417 704 536 741; x_wconf 89' lang='lat' dir='ltr'><strong>quam</strong></span> <span class='ocrx_word' id='word_1_56' title='bbox 574 689 817 734; x_wconf 84' lang='lat' dir='ltr'><strong>Anastasim,</strong></span> <span class='ocrx_word' id='word_1_57' title='bbox 859 687 924 724; x_wconf 90' lang='lat' dir='ltr'><strong>vel</strong></span> <span class='ocrx_word' id='word_1_58' title='bbox 969 687 1020 723; x_wconf 87' lang='lat' dir='ltr'><strong>ad</strong></span> <span class='ocrx_word' id='word_1_59' title='bbox 1059 685 1241 732; x_wconf 79' lang='lat' dir='ltr'><strong>Crucem,</strong></span> <span class='ocrx_word' id='word_1_60' title='bbox 1279 686 1344 723; x_wconf 88' lang='lat' dir='ltr'><strong>vel</strong></span> <span class='ocrx_word' id='word_1_61' title='bbox 1384 689 1519 722; x_wconf 88' lang='lat' dir='ltr'><strong>cetera</strong></span> <span class='ocrx_word' id='word_1_62' title='bbox 1563 685 1650 722; x_wconf 88' lang='lat' dir='ltr'><strong>loca</strong></span> 
     </span>
     <span class='ocr_line' id='line_1_9' title="bbox 172 748 1648 798; baseline -0.006 -5"><span class='ocrx_word' id='word_1_63' title='bbox 172 759 311 793; x_wconf 87' lang='lat' dir='ltr'><strong>sancta</strong></span> <span class='ocrx_word' id='word_1_64' title='bbox 330 755 374 791; x_wconf 91' lang='lat' dir='ltr'><strong>in</strong></span> <span class='ocrx_word' id='word_1_65' title='bbox 393 752 660 792; x_wconf 65' lang='lat' dir='ltr'><strong>JerusolimaZ</strong></span> <span class='ocrx_word' id='word_1_66' title='bbox 717 751 795 788; x_wconf 80' lang='lat' dir='ltr'><strong>Sed</strong></span> <span class='ocrx_word' id='word_1_67' title='bbox 815 754 862 787; x_wconf 89' lang='lat' dir='ltr'><strong>ut</strong></span> <span class='ocrx_word' id='word_1_68' title='bbox 889 749 1097 787; x_wconf 76' lang='lat' dir='ltr'><strong>redeamus</strong></span> <span class='ocrx_word' id='word_1_69' title='bbox 1126 748 1178 785; x_wconf 87' lang='lat' dir='ltr'><strong>ad</strong></span> <span class='ocrx_word' id='word_1_70' title='bbox 1207 762 1301 794; x_wconf 85' lang='lat' dir='ltr'><strong>rem,</strong></span> <span class='ocrx_word' id='word_1_71' title='bbox 1321 749 1369 785; x_wconf 89' lang='lat' dir='ltr'><strong>fit</strong></span> <span class='ocrx_word' id='word_1_72' title='bbox 1397 761 1491 798; x_wconf 84' lang='lat' dir='ltr'><strong>ergo</strong></span> <span class='ocrx_word' id='word_1_73' title='bbox 1518 748 1648 797; x_wconf 87' lang='lat' dir='ltr'><strong>prima</strong></span> 
     </span>
     <span class='ocr_line' id='line_1_10' title="bbox 172 810 1647 863; baseline -0.005 -8"><span class='ocrx_word' id='word_1_74' title='bbox 172 818 236 855; x_wconf 91' lang='lat' dir='ltr'><strong>die</strong></span> <span class='ocrx_word' id='word_1_75' title='bbox 255 818 376 855; x_wconf 88' lang='lat' dir='ltr'><strong>missa</strong></span> <span class='ocrx_word' id='word_1_76' title='bbox 394 817 438 853; x_wconf 88' lang='lat' dir='ltr'><strong>in</strong></span> <span class='ocrx_word' id='word_1_77' title='bbox 457 816 622 854; x_wconf 86' lang='lat' dir='ltr'><strong>ecclesia</strong></span> <span class='ocrx_word' id='word_1_78' title='bbox 640 813 803 863; x_wconf 83' lang='lat' dir='ltr'><strong>majore,</strong></span> <span class='ocrx_word' id='word_1_79' title='bbox 824 825 929 863; x_wconf 89' lang='lat' dir='ltr'><strong>quae</strong></span> <span class='ocrx_word' id='word_1_80' title='bbox 954 816 1015 849; x_wconf 88' lang='lat' dir='ltr'><strong>est</strong></span> <span class='ocrx_word' id='word_1_81' title='bbox 1038 813 1082 848; x_wconf 83' lang='lat' dir='ltr'><strong>in</strong></span> <span class='ocrx_word' id='word_1_82' title='bbox 1109 811 1321 861; x_wconf 81' lang='lat' dir='ltr'><strong>Golgotha.</strong></span> <span class='ocrx_word' id='word_1_83' title='bbox 1380 811 1436 847; x_wconf 87' lang='lat' dir='ltr'><strong>Et</strong></span> <span class='ocrx_word' id='word_1_84' title='bbox 1459 810 1647 860; x_wconf 79' lang='lat' dir='ltr'><strong>quoniam</strong></span> 
     </span>
     <span class='ocr_line' id='line_1_11' title="bbox 172 873 1647 929; baseline -0.005 -12"><span class='ocrx_word' id='word_1_85' title='bbox 172 879 268 917; x_wconf 90' lang='lat' dir='ltr'><strong>dum</strong></span> <span class='ocrx_word' id='word_1_86' title='bbox 286 878 523 929; x_wconf 86' lang='lat' dir='ltr'><strong>praedicant</strong></span> <span class='ocrx_word' id='word_1_87' title='bbox 548 878 613 915; x_wconf 84' lang='lat' dir='ltr'><strong>vel</strong></span> <span class='ocrx_word' id='word_1_88' title='bbox 639 877 776 926; x_wconf 86' lang='lat' dir='ltr'><strong>legent</strong></span> <span class='ocrx_word' id='word_1_89' title='bbox 806 875 986 925; x_wconf 83' lang='lat' dir='ltr'><strong>singulas</strong></span> <span class='ocrx_word' id='word_1_90' title='bbox 1015 875 1206 912; x_wconf 86' lang='lat' dir='ltr'><strong>lectiones</strong></span> <span class='ocrx_word' id='word_1_91' title='bbox 1234 874 1298 911; x_wconf 89' lang='lat' dir='ltr'><strong>vel</strong></span> <span class='ocrx_word' id='word_1_92' title='bbox 1327 873 1469 911; x_wconf 85' lang='lat' dir='ltr'><strong>dicunt</strong></span> <span class='ocrx_word' id='word_1_93' title='bbox 1495 885 1647 923; x_wconf 86' lang='lat' dir='ltr'><strong>ymnos,</strong></span> 
     </span>
     <span class='ocr_line' id='line_1_12' title="bbox 172 936 1650 990; baseline -0.004 -11"><span class='ocrx_word' id='word_1_94' title='bbox 172 942 305 979; x_wconf 86' lang='lat' dir='ltr'><strong>omm&#39;a</strong></span> <span class='ocrx_word' id='word_1_95' title='bbox 342 945 481 978; x_wconf 87' lang='lat' dir='ltr'><strong>tamen</strong></span> <span class='ocrx_word' id='word_1_96' title='bbox 517 944 614 990; x_wconf 86' lang='lat' dir='ltr'><strong>apta</strong></span> <span class='ocrx_word' id='word_1_97' title='bbox 650 940 728 989; x_wconf 87' lang='lat' dir='ltr'><strong>ipsi</strong></span> <span class='ocrx_word' id='word_1_98' title='bbox 765 939 854 984; x_wconf 89' lang='lat' dir='ltr'><strong>diei,</strong></span> <span class='ocrx_word' id='word_1_99' title='bbox 891 942 933 975; x_wconf 91' lang='lat' dir='ltr'><strong>et</strong></span> <span class='ocrx_word' id='word_1_100' title='bbox 970 937 1064 975; x_wconf 86' lang='lat' dir='ltr'><strong>inde</strong></span> <span class='ocrx_word' id='word_1_101' title='bbox 1101 937 1353 987; x_wconf 89' lang='lat' dir='ltr'><strong>postmodum</strong></span> <span class='ocrx_word' id='word_1_102' title='bbox 1402 950 1492 974; x_wconf 89' lang='lat' dir='ltr'><strong>cum</strong></span> <span class='ocrx_word' id='word_1_103' title='bbox 1529 936 1650 973; x_wconf 89' lang='lat' dir='ltr'><strong>missa</strong></span> 
     </span>
     <span class='ocr_line' id='line_1_13' title="bbox 173 997 1650 1049; baseline -0.005 -8"><span class='ocrx_word' id='word_1_104' title='bbox 173 1004 362 1041; x_wconf 88' lang='lat' dir='ltr'><strong>ecclesiae</strong></span> <span class='ocrx_word' id='word_1_105' title='bbox 399 1003 509 1040; x_wconf 76' lang='lat' dir='ltr'><strong>facta</strong></span> <span class='ocrx_word' id='word_1_106' title='bbox 546 1002 683 1048; x_wconf 83' lang='lat' dir='ltr'><strong>fuerit,</strong></span> <span class='ocrx_word' id='word_1_107' title='bbox 715 1001 828 1038; x_wconf 88' lang='lat' dir='ltr'><strong>hitur</strong></span> <span class='ocrx_word' id='word_1_108' title='bbox 866 1013 956 1037; x_wconf 89' lang='lat' dir='ltr'><strong>cum</strong></span> <span class='ocrx_word' id='word_1_109' title='bbox 993 1000 1125 1049; x_wconf 86' lang='lat' dir='ltr'><strong>ymnis</strong></span> <span class='ocrx_word' id='word_1_110' title='bbox 1163 999 1214 1036; x_wconf 88' lang='lat' dir='ltr'><strong>ad</strong></span> <span class='ocrx_word' id='word_1_111' title='bbox 1252 999 1497 1044; x_wconf 86' lang='lat' dir='ltr'><strong>Anastasim‚</strong></span> <span class='ocrx_word' id='word_1_112' title='bbox 1529 997 1650 1048; x_wconf 81' lang='lat' dir='ltr'><strong>juxta</strong></span> 
     </span>
     <span class='ocr_line' id='line_1_14' title="bbox 173 1060 1649 1110; baseline -0.004 -7"><span class='ocrx_word' id='word_1_113' title='bbox 173 1065 533 1104; x_wconf 86' lang='lat' dir='ltr'><strong>consuetudinem:</strong></span> <span class='ocrx_word' id='word_1_114' title='bbox 582 1078 626 1101; x_wconf 88' lang='lat' dir='ltr'><strong>ac</strong></span> <span class='ocrx_word' id='word_1_115' title='bbox 666 1064 721 1100; x_wconf 87' lang='lat' dir='ltr'><strong>sic</strong></span> <span class='ocrx_word' id='word_1_116' title='bbox 758 1063 806 1099; x_wconf 89' lang='lat' dir='ltr'><strong>fit</strong></span> <span class='ocrx_word' id='word_1_117' title='bbox 844 1063 966 1099; x_wconf 87' lang='lat' dir='ltr'><strong>missa</strong></span> <span class='ocrx_word' id='word_1_118' title='bbox 1004 1061 1180 1099; x_wconf 76' lang='lat' dir='ltr'><strong>forsitan</strong></span> <span class='ocrx_word' id='word_1_119' title='bbox 1217 1066 1334 1098; x_wconf 76' lang='lat' dir='ltr'><strong>sexta</strong></span> <span class='ocrx_word' id='word_1_120' title='bbox 1370 1060 1480 1098; x_wconf 85' lang='lat' dir='ltr'><strong>hora.</strong></span> <span class='ocrx_word' id='word_1_121' title='bbox 1551 1060 1649 1110; x_wconf 86' lang='lat' dir='ltr'><strong>Ipsa</strong></span> 
     </span>
     <span class='ocr_line' id='line_1_15' title="bbox 173 1123 1648 1175; baseline -0.004 -9"><span class='ocrx_word' id='word_1_122' title='bbox 173 1134 309 1166; x_wconf 84' lang='lat' dir='ltr'><strong>autem</strong></span> <span class='ocrx_word' id='word_1_123' title='bbox 348 1129 425 1175; x_wconf 84' lang='lat' dir='ltr'><strong>die,</strong></span> <span class='ocrx_word' id='word_1_124' title='bbox 464 1127 649 1165; x_wconf 86' lang='lat' dir='ltr'><strong>similiter</strong></span> <span class='ocrx_word' id='word_1_125' title='bbox 697 1131 738 1164; x_wconf 89' lang='lat' dir='ltr'><strong>et</strong></span> <span class='ocrx_word' id='word_1_126' title='bbox 785 1125 836 1162; x_wconf 90' lang='lat' dir='ltr'><strong>ad</strong></span> <span class='ocrx_word' id='word_1_127' title='bbox 883 1125 1100 1171; x_wconf 79' lang='lat' dir='ltr'><strong>lucernare,</strong></span> <span class='ocrx_word' id='word_1_128' title='bbox 1146 1124 1269 1174; x_wconf 72' lang='lat' dir='ltr'><strong>juxta</strong></span> <span class='ocrx_word' id='word_1_129' title='bbox 1314 1123 1648 1161; x_wconf 85' lang='lat' dir='ltr'><strong>consuetudinem</strong></span> 
     </span>
    </p>
   </div>
   <div class='ocr_carea' id='block_1_3' title="bbox 174 1191 496 1229">
    <p class='ocr_par' dir='ltr' id='par_1_3' title="bbox 174 1191 496 1229">
     <span class='ocr_line' id='line_1_16' title="bbox 174 1191 496 1229; baseline 0.003 -1"><span class='ocrx_word' id='word_1_130' title='bbox 174 1192 417 1229; x_wconf 71' lang='lat' dir='ltr'><strong>cotidianam</strong></span> <span class='ocrx_word' id='word_1_131' title='bbox 437 1191 496 1229; x_wconf 87' lang='lat' dir='ltr'><strong>fit.</strong></span> 
     </span>
    </p>
   </div>
   <div class='ocr_carea' id='block_1_4' title="bbox 618 1382 1199 1432">
    <p class='ocr_par' dir='ltr' id='par_1_4' title="bbox 618 1382 1199 1432">
     <span class='ocr_line' id='line_1_17' title="bbox 618 1382 1199 1432; baseline 0 -12"><span class='ocrx_word' id='word_1_132' title='bbox 618 1384 653 1422; x_wconf 89' lang='lat'><strong>3.</strong></span> <span class='ocrx_word' id='word_1_133' title='bbox 688 1383 826 1422; x_wconf 69' lang='lat' dir='ltr'><strong>Octava</strong></span> <span class='ocrx_word' id='word_1_134' title='bbox 855 1383 904 1432; x_wconf 86' lang='lat' dir='ltr'><strong>of</strong></span> <span class='ocrx_word' id='word_1_135' title='bbox 927 1383 986 1420; x_wconf 77' lang='lat' dir='ltr'><strong>the</strong></span> <span class='ocrx_word' id='word_1_136' title='bbox 1016 1382 1199 1420; x_wconf 70' lang='lat' dir='ltr'><strong>Festival.</strong></span> 
     </span>
    </p>
   </div>
   <div class='ocr_carea' id='block_1_5' title="bbox 167 1496 1648 2545">
    <p class='ocr_par' dir='ltr' id='par_1_5' title="bbox 167 1496 1648 2545">
     <span class='ocr_line' id='line_1_18' title="bbox 256 1496 1648 1547; baseline -0.002 -9"><span class='ocrx_word' id='word_1_137' title='bbox 256 1500 349 1538; x_wconf 86' lang='lat' dir='ltr'><strong>Alia</strong></span> <span class='ocrx_word' id='word_1_138' title='bbox 386 1500 519 1537; x_wconf 88' lang='lat' dir='ltr'><strong>denuo</strong></span> <span class='ocrx_word' id='word_1_139' title='bbox 566 1497 630 1534; x_wconf 91' lang='lat' dir='ltr'><strong>die</strong></span> <span class='ocrx_word' id='word_1_140' title='bbox 678 1497 865 1534; x_wconf 88' lang='lat' dir='ltr'><strong>similiter</strong></span> <span class='ocrx_word' id='word_1_141' title='bbox 911 1496 956 1533; x_wconf 89' lang='lat' dir='ltr'><strong>in</strong></span> <span class='ocrx_word' id='word_1_142' title='bbox 1002 1497 1089 1546; x_wconf 86' lang='lat' dir='ltr'><strong>ipsa</strong></span> <span class='ocrx_word' id='word_1_143' title='bbox 1136 1497 1301 1534; x_wconf 86' lang='lat' dir='ltr'><strong>ecclesia</strong></span> <span class='ocrx_word' id='word_1_144' title='bbox 1338 1497 1568 1547; x_wconf 74' lang='lat' dir='ltr'><strong>proceditur</strong></span> <span class='ocrx_word' id='word_1_145' title='bbox 1603 1498 1648 1535; x_wconf 91' lang='lat' dir='ltr'><strong>in</strong></span> 
     </span>
     <span class='ocr_line' id='line_1_19' title="bbox 175 1559 1648 1612; baseline -0.002 -12"><span class='ocrx_word' id='word_1_146' title='bbox 175 1562 377 1612; x_wconf 82' lang='lat' dir='ltr'><strong>Golgotha</strong></span> <span class='ocrx_word' id='word_1_147' title='bbox 390 1576 402 1610; x_wconf 81' lang='lat'>3</span> <span class='ocrx_word' id='word_1_148' title='bbox 429 1562 504 1599; x_wconf 88' lang='lat' dir='ltr'><strong>hoc</strong></span> <span class='ocrx_word' id='word_1_149' title='bbox 529 1560 633 1597; x_wconf 88' lang='lat' dir='ltr'><strong>idem</strong></span> <span class='ocrx_word' id='word_1_150' title='bbox 660 1564 702 1597; x_wconf 91' lang='lat' dir='ltr'><strong>et</strong></span> <span class='ocrx_word' id='word_1_151' title='bbox 726 1560 850 1597; x_wconf 85' lang='lat' dir='ltr'><strong>tertia</strong></span> <span class='ocrx_word' id='word_1_152' title='bbox 878 1559 943 1596; x_wconf 89' lang='lat' dir='ltr'><strong>die</strong></span> <span class='ocrx_word' id='word_1_153' title='bbox 957 1572 967 1606; x_wconf 83' lang='lat'>;</span> <span class='ocrx_word' id='word_1_154' title='bbox 995 1572 1067 1609; x_wconf 90' lang='lat' dir='ltr'><strong>per</strong></span> <span class='ocrx_word' id='word_1_155' title='bbox 1089 1559 1226 1597; x_wconf 86' lang='lat' dir='ltr'><strong>triduo</strong></span> <span class='ocrx_word' id='word_1_156' title='bbox 1246 1573 1340 1610; x_wconf 84' lang='lat' dir='ltr'><strong>ergo</strong></span> <span class='ocrx_word' id='word_1_157' title='bbox 1359 1560 1457 1598; x_wconf 88' lang='lat' dir='ltr'><strong>haec</strong></span> <span class='ocrx_word' id='word_1_158' title='bbox 1477 1561 1605 1599; x_wconf 85' lang='lat' dir='ltr'><strong>omnis</strong></span> <span class='ocrx_word' id='word_1_159' title='bbox 1617 1560 1648 1585; x_wconf 75' lang='lat'><strong>(¹)</strong></span> 
     </span>
     <span class='ocr_line' id='line_1_20' title="bbox 176 1621 1644 1674; baseline -0.001 -11"><span class='ocrx_word' id='word_1_160' title='bbox 176 1626 335 1663; x_wconf 88' lang='lat' dir='ltr'><strong>laetitia</strong></span> <span class='ocrx_word' id='word_1_161' title='bbox 367 1626 412 1662; x_wconf 91' lang='lat' dir='ltr'><strong>in</strong></span> <span class='ocrx_word' id='word_1_162' title='bbox 444 1624 609 1662; x_wconf 82' lang='lat' dir='ltr'><strong>ecclesia</strong></span> <span class='ocrx_word' id='word_1_163' title='bbox 647 1635 766 1672; x_wconf 88' lang='lat' dir='ltr'><strong>quam</strong></span> <span class='ocrx_word' id='word_1_164' title='bbox 796 1622 893 1659; x_wconf 86' lang='lat' dir='ltr'><strong>fecit</strong></span> <span class='ocrx_word' id='word_1_165' title='bbox 926 1621 1220 1659; x_wconf 83' lang='lat' dir='ltr'><strong>Constantinus</strong></span> <span class='ocrx_word' id='word_1_166' title='bbox 1259 1623 1488 1660; x_wconf 84' lang='lat' dir='ltr'><strong>celebratur</strong></span> <span class='ocrx_word' id='word_1_167' title='bbox 1518 1637 1644 1674; x_wconf 89' lang='lat' dir='ltr'><strong>usque</strong></span> 
     </span>
     <span class='ocr_line' id='line_1_21' title="bbox 171 1685 1647 1736; baseline -0.002 -9"><span class='ocrx_word' id='word_1_168' title='bbox 171 1690 223 1727; x_wconf 89' lang='lat' dir='ltr'><strong>ad</strong></span> <span class='ocrx_word' id='word_1_169' title='bbox 261 1693 430 1726; x_wconf 86' lang='lat' dir='ltr'><strong>sextam.</strong></span> <span class='ocrx_word' id='word_1_170' title='bbox 507 1686 663 1731; x_wconf 76' lang='lat' dir='ltr'><strong>Quarta</strong></span> <span class='ocrx_word' id='word_1_171' title='bbox 701 1686 766 1722; x_wconf 90' lang='lat' dir='ltr'><strong>die</strong></span> <span class='ocrx_word' id='word_1_172' title='bbox 802 1685 846 1722; x_wconf 91' lang='lat' dir='ltr'><strong>in</strong></span> <span class='ocrx_word' id='word_1_173' title='bbox 884 1685 1046 1730; x_wconf 87' lang='lat' dir='ltr'><strong>Eleona,</strong></span> <span class='ocrx_word' id='word_1_174' title='bbox 1082 1685 1124 1722; x_wconf 84' lang='lat' dir='ltr'><strong>id</strong></span> <span class='ocrx_word' id='word_1_175' title='bbox 1162 1688 1224 1721; x_wconf 89' lang='lat' dir='ltr'><strong>est</strong></span> <span class='ocrx_word' id='word_1_176' title='bbox 1261 1685 1305 1721; x_wconf 82' lang='lat' dir='ltr'><strong>in</strong></span> <span class='ocrx_word' id='word_1_177' title='bbox 1343 1685 1508 1723; x_wconf 89' lang='lat' dir='ltr'><strong>ecclesia</strong></span> <span class='ocrx_word' id='word_1_178' title='bbox 1546 1699 1647 1736; x_wconf 88' lang='lat' dir='ltr'><strong>quae</strong></span> 
     </span>
     <span class='ocr_line' id='line_1_22' title="bbox 172 1746 1647 1797; baseline -0.002 -9"><span class='ocrx_word' id='word_1_179' title='bbox 172 1755 234 1788; x_wconf 89' lang='lat' dir='ltr'><strong>est</strong></span> <span class='ocrx_word' id='word_1_180' title='bbox 253 1751 298 1787; x_wconf 89' lang='lat' dir='ltr'><strong>in</strong></span> <span class='ocrx_word' id='word_1_181' title='bbox 315 1753 453 1788; x_wconf 88' lang='lat' dir='ltr'><strong>monte</strong></span> <span class='ocrx_word' id='word_1_182' title='bbox 473 1748 635 1794; x_wconf 80' lang='lat' dir='ltr'><strong>Oliveti,</strong></span> <span class='ocrx_word' id='word_1_183' title='bbox 656 1746 824 1797; x_wconf 86' lang='lat' dir='ltr'><strong>pulchra</strong></span> <span class='ocrx_word' id='word_1_184' title='bbox 844 1747 956 1792; x_wconf 86' lang='lat' dir='ltr'><strong>satis,</strong></span> <span class='ocrx_word' id='word_1_185' title='bbox 978 1746 1162 1783; x_wconf 89' lang='lat' dir='ltr'><strong>similiter</strong></span> <span class='ocrx_word' id='word_1_186' title='bbox 1182 1747 1316 1784; x_wconf 88' lang='lat' dir='ltr'><strong>omnia</strong></span> <span class='ocrx_word' id='word_1_187' title='bbox 1344 1747 1403 1784; x_wconf 84' lang='lat' dir='ltr'><strong>ita</strong></span> <span class='ocrx_word' id='word_1_188' title='bbox 1448 1751 1647 1785; x_wconf 87' lang='lat' dir='ltr'><strong>ornantur</strong></span> 
     </span>
     <span class='ocr_line' id='line_1_23' title="bbox 172 1809 1647 1860; baseline -0.001 -10"><span class='ocrx_word' id='word_1_189' title='bbox 172 1817 215 1851; x_wconf 87' lang='lat' dir='ltr'><strong>et</strong></span> <span class='ocrx_word' id='word_1_190' title='bbox 250 1814 311 1850; x_wconf 89' lang='lat' dir='ltr'><strong>ita</strong></span> <span class='ocrx_word' id='word_1_191' title='bbox 346 1814 603 1850; x_wconf 83' lang='lat' dir='ltr'><strong>celebrantur</strong></span> <span class='ocrx_word' id='word_1_192' title='bbox 636 1812 702 1848; x_wconf 88' lang='lat' dir='ltr'><strong>ibi.</strong></span> <span class='ocrx_word' id='word_1_193' title='bbox 775 1810 929 1855; x_wconf 83' lang='lat' dir='ltr'><strong>Quinta</strong></span> <span class='ocrx_word' id='word_1_194' title='bbox 962 1810 1027 1846; x_wconf 89' lang='lat' dir='ltr'><strong>die</strong></span> <span class='ocrx_word' id='word_1_195' title='bbox 1061 1810 1105 1846; x_wconf 90' lang='lat' dir='ltr'><strong>in</strong></span> <span class='ocrx_word' id='word_1_196' title='bbox 1142 1809 1326 1856; x_wconf 87' lang='lat' dir='ltr'><strong>Lazariu,</strong></span> <span class='ocrx_word' id='word_1_197' title='bbox 1363 1810 1468 1860; x_wconf 93' lang='lat' dir='ltr'><strong>quod</strong></span> <span class='ocrx_word' id='word_1_198' title='bbox 1497 1815 1559 1848; x_wconf 90' lang='lat' dir='ltr'><strong>est</strong></span> <span class='ocrx_word' id='word_1_199' title='bbox 1595 1812 1647 1848; x_wconf 87' lang='lat' dir='ltr'><strong>ab</strong></span> 
     </span>
     <span class='ocr_line' id='line_1_24' title="bbox 170 1873 1647 1922; baseline -0.001 -9"><span class='ocrx_word' id='word_1_200' title='bbox 170 1876 199 1913; x_wconf 82' lang='lat' dir='ltr'><strong>J</strong></span> <span class='ocrx_word' id='word_1_201' title='bbox 202 1876 413 1913; x_wconf 88' lang='lat' dir='ltr'><strong>erusolima</strong></span> <span class='ocrx_word' id='word_1_202' title='bbox 441 1875 616 1912; x_wconf 74' lang='lat' dir='ltr'><strong>forsitan</strong></span> <span class='ocrx_word' id='word_1_203' title='bbox 647 1873 699 1910; x_wconf 89' lang='lat' dir='ltr'><strong>ad</strong></span> <span class='ocrx_word' id='word_1_204' title='bbox 732 1873 841 1909; x_wconf 88' lang='lat' dir='ltr'><strong>mille</strong></span> <span class='ocrx_word' id='word_1_205' title='bbox 874 1873 1114 1922; x_wconf 83' lang='lat' dir='ltr'><strong>quingentos</strong></span> <span class='ocrx_word' id='word_1_206' title='bbox 1145 1885 1296 1922; x_wconf 86' lang='lat' dir='ltr'><strong>passus.</strong></span> <span class='ocrx_word' id='word_1_207' title='bbox 1356 1873 1480 1910; x_wconf 81' lang='lat' dir='ltr'><strong>Sexta</strong></span> <span class='ocrx_word' id='word_1_208' title='bbox 1511 1874 1576 1911; x_wconf 86' lang='lat' dir='ltr'><strong>die</strong></span> <span class='ocrx_word' id='word_1_209' title='bbox 1603 1875 1647 1911; x_wconf 90' lang='lat' dir='ltr'><strong>in</strong></span> 
     </span>
     <span class='ocr_line' id='line_1_25' title="bbox 174 1934 1646 1988; baseline -0.002 -12"><span class='ocrx_word' id='word_1_210' title='bbox 174 1939 295 1988; x_wconf 84' lang='lat' dir='ltr'><strong>Syon,</strong></span> <span class='ocrx_word' id='word_1_211' title='bbox 333 1937 503 1987; x_wconf 86' lang='lat' dir='ltr'><strong>septima</strong></span> <span class='ocrx_word' id='word_1_212' title='bbox 542 1936 605 1973; x_wconf 90' lang='lat' dir='ltr'><strong>die</strong></span> <span class='ocrx_word' id='word_1_213' title='bbox 641 1936 686 1972; x_wconf 88' lang='lat' dir='ltr'><strong>in</strong></span> <span class='ocrx_word' id='word_1_214' title='bbox 724 1935 937 1980; x_wconf 89' lang='lat' dir='ltr'><strong>Anastase‚</strong></span> <span class='ocrx_word' id='word_1_215' title='bbox 973 1938 1115 1971; x_wconf 86' lang='lat' dir='ltr'><strong>octava</strong></span> <span class='ocrx_word' id='word_1_216' title='bbox 1154 1934 1217 1971; x_wconf 88' lang='lat' dir='ltr'><strong>die</strong></span> <span class='ocrx_word' id='word_1_217' title='bbox 1255 1935 1306 1972; x_wconf 89' lang='lat' dir='ltr'><strong>ad</strong></span> <span class='ocrx_word' id='word_1_218' title='bbox 1346 1934 1528 1972; x_wconf 86' lang='lat' dir='ltr'><strong>Crucem.</strong></span> <span class='ocrx_word' id='word_1_219' title='bbox 1585 1936 1646 1973; x_wconf 91' lang='lat' dir='ltr'><strong>Ac</strong></span> 
     </span>
     <span class='ocr_line' id='line_1_26' title="bbox 173 1996 1648 2050; baseline -0.003 -11"><span class='ocrx_word' id='word_1_220' title='bbox 173 2003 230 2040; x_wconf 86' lang='lat' dir='ltr'><strong>sic</strong></span> <span class='ocrx_word' id='word_1_221' title='bbox 261 2013 354 2050; x_wconf 85' lang='lat' dir='ltr'><strong>ergo</strong></span> <span class='ocrx_word' id='word_1_222' title='bbox 381 2013 451 2050; x_wconf 90' lang='lat' dir='ltr'><strong>per</strong></span> <span class='ocrx_word' id='word_1_223' title='bbox 479 2003 570 2037; x_wconf 89' lang='lat' dir='ltr'><strong>octo</strong></span> <span class='ocrx_word' id='word_1_224' title='bbox 600 1998 683 2035; x_wconf 88' lang='lat' dir='ltr'><strong>dies</strong></span> <span class='ocrx_word' id='word_1_225' title='bbox 712 1997 813 2034; x_wconf 88' lang='lat' dir='ltr'><strong>haec</strong></span> <span class='ocrx_word' id='word_1_226' title='bbox 843 1997 971 2034; x_wconf 88' lang='lat' dir='ltr'><strong>omnis</strong></span> <span class='ocrx_word' id='word_1_227' title='bbox 1000 1996 1158 2033; x_wconf 87' lang='lat' dir='ltr'><strong>laetitia</strong></span> <span class='ocrx_word' id='word_1_228' title='bbox 1191 2001 1233 2033; x_wconf 92' lang='lat' dir='ltr'><strong>et</strong></span> <span class='ocrx_word' id='word_1_229' title='bbox 1262 1997 1297 2034; x_wconf 86' lang='lat' dir='ltr'><strong>is</strong></span> <span class='ocrx_word' id='word_1_230' title='bbox 1324 1996 1521 2034; x_wconf 88' lang='lat' dir='ltr'><strong>hornatus</strong></span> <span class='ocrx_word' id='word_1_231' title='bbox 1551 1998 1648 2035; x_wconf 88' lang='lat' dir='ltr'><strong>cele-</strong></span> 
     </span>
     <span class='ocr_line' id='line_1_27' title="bbox 170 2061 1648 2109; baseline -0.002 -8"><span class='ocrx_word' id='word_1_232' title='bbox 170 2064 315 2101; x_wconf 87' lang='lat' dir='ltr'><strong>bratur</strong></span> <span class='ocrx_word' id='word_1_233' title='bbox 351 2064 395 2101; x_wconf 88' lang='lat' dir='ltr'><strong>in</strong></span> <span class='ocrx_word' id='word_1_234' title='bbox 426 2063 611 2100; x_wconf 76' lang='lat' dir='ltr'><strong>omnibus</strong></span> <span class='ocrx_word' id='word_1_235' title='bbox 649 2061 744 2098; x_wconf 86' lang='lat' dir='ltr'><strong>locis</strong></span> <span class='ocrx_word' id='word_1_236' title='bbox 782 2061 933 2097; x_wconf 86' lang='lat' dir='ltr'><strong>sanctis</strong></span> <span class='ocrx_word' id='word_1_237' title='bbox 972 2072 1069 2109; x_wconf 87' lang='lat' dir='ltr'><strong>quos</strong></span> <span class='ocrx_word' id='word_1_238' title='bbox 1107 2061 1289 2109; x_wconf 90' lang='lat' dir='ltr'><strong>superius</strong></span> <span class='ocrx_word' id='word_1_239' title='bbox 1319 2061 1534 2098; x_wconf 88' lang='lat' dir='ltr'><strong>nominavi.</strong></span> <span class='ocrx_word' id='word_1_240' title='bbox 1594 2061 1648 2098; x_wconf 87' lang='lat' dir='ltr'><strong>In</strong></span> 
     </span>
     <span class='ocr_line' id='line_1_28' title="bbox 172 2122 1646 2174; baseline -0.003 -10"><span class='ocrx_word' id='word_1_241' title='bbox 172 2126 382 2164; x_wconf 80' lang='lat' dir='ltr'><strong>Bethleem</strong></span> <span class='ocrx_word' id='word_1_242' title='bbox 414 2130 550 2162; x_wconf 89' lang='lat' dir='ltr'><strong>autem</strong></span> <span class='ocrx_word' id='word_1_243' title='bbox 583 2137 654 2174; x_wconf 85' lang='lat' dir='ltr'><strong>per</strong></span> <span class='ocrx_word' id='word_1_244' title='bbox 687 2127 794 2161; x_wconf 89' lang='lat' dir='ltr'><strong>totos</strong></span> <span class='ocrx_word' id='word_1_245' title='bbox 825 2127 915 2160; x_wconf 91' lang='lat' dir='ltr'><strong>octo</strong></span> <span class='ocrx_word' id='word_1_246' title='bbox 953 2122 1038 2159; x_wconf 88' lang='lat' dir='ltr'><strong>dies</strong></span> <span class='ocrx_word' id='word_1_247' title='bbox 1072 2123 1219 2160; x_wconf 90' lang='lat' dir='ltr'><strong>cotidie</strong></span> <span class='ocrx_word' id='word_1_248' title='bbox 1245 2123 1279 2159; x_wconf 89' lang='lat' dir='ltr'><strong>is</strong></span> <span class='ocrx_word' id='word_1_249' title='bbox 1309 2127 1479 2160; x_wconf 86' lang='lat' dir='ltr'><strong>ornatus</strong></span> <span class='ocrx_word' id='word_1_250' title='bbox 1509 2127 1572 2160; x_wconf 89' lang='lat' dir='ltr'><strong>est</strong></span> <span class='ocrx_word' id='word_1_251' title='bbox 1603 2127 1646 2160; x_wconf 87' lang='lat' dir='ltr'><strong>et</strong></span> 
     </span>
     <span class='ocr_line' id='line_1_29' title="bbox 169 2184 1646 2238; baseline -0.003 -13"><span class='ocrx_word' id='word_1_252' title='bbox 169 2189 257 2238; x_wconf 88' lang='lat' dir='ltr'><strong>ipsa</strong></span> <span class='ocrx_word' id='word_1_253' title='bbox 294 2187 456 2225; x_wconf 88' lang='lat' dir='ltr'><strong>laetitia</strong></span> <span class='ocrx_word' id='word_1_254' title='bbox 490 2186 717 2224; x_wconf 88' lang='lat' dir='ltr'><strong>celebratur</strong></span> <span class='ocrx_word' id='word_1_255' title='bbox 749 2198 773 2221; x_wconf 88' lang='lat' dir='ltr'><strong>a</strong></span> <span class='ocrx_word' id='word_1_256' title='bbox 809 2184 1058 2234; x_wconf 84' lang='lat' dir='ltr'><strong>presbyteris</strong></span> <span class='ocrx_word' id='word_1_257' title='bbox 1088 2188 1129 2221; x_wconf 86' lang='lat' dir='ltr'><strong>et</strong></span> <span class='ocrx_word' id='word_1_258' title='bbox 1162 2185 1213 2220; x_wconf 86' lang='lat' dir='ltr'><strong>ab</strong></span> <span class='ocrx_word' id='word_1_259' title='bbox 1244 2185 1353 2221; x_wconf 88' lang='lat' dir='ltr'><strong>omni</strong></span> <span class='ocrx_word' id='word_1_260' title='bbox 1390 2185 1495 2222; x_wconf 86' lang='lat' dir='ltr'><strong>clero</strong></span> <span class='ocrx_word' id='word_1_261' title='bbox 1521 2185 1646 2234; x_wconf 83' lang='lat' dir='ltr'><strong>ipsius</strong></span> 
     </span>
     <span class='ocr_line' id='line_1_30' title="bbox 168 2248 1644 2299; baseline 0 -14"><span class='ocrx_word' id='word_1_262' title='bbox 168 2249 254 2294; x_wconf 84' lang='lat' dir='ltr'><strong>loci,</strong></span> <span class='ocrx_word' id='word_1_263' title='bbox 285 2254 326 2286; x_wconf 86' lang='lat' dir='ltr'><strong>et</strong></span> <span class='ocrx_word' id='word_1_264' title='bbox 356 2263 379 2286; x_wconf 84' lang='lat' dir='ltr'><strong>a</strong></span> <span class='ocrx_word' id='word_1_265' title='bbox 404 2253 662 2286; x_wconf 85' lang='lat' dir='ltr'><strong>monazontes</strong></span> <span class='ocrx_word' id='word_1_266' title='bbox 687 2250 756 2298; x_wconf 89' lang='lat' dir='ltr'><strong>qui</strong></span> <span class='ocrx_word' id='word_1_267' title='bbox 781 2249 825 2285; x_wconf 89' lang='lat' dir='ltr'><strong>in</strong></span> <span class='ocrx_word' id='word_1_268' title='bbox 852 2251 938 2299; x_wconf 86' lang='lat' dir='ltr'><strong>ipso</strong></span> <span class='ocrx_word' id='word_1_269' title='bbox 964 2250 1050 2287; x_wconf 85' lang='lat' dir='ltr'><strong>loco</strong></span> <span class='ocrx_word' id='word_1_270' title='bbox 1079 2249 1263 2298; x_wconf 84' lang='lat' dir='ltr'><strong>deputati</strong></span> <span class='ocrx_word' id='word_1_271' title='bbox 1292 2253 1399 2286; x_wconf 87' lang='lat' dir='ltr'><strong>sunt.</strong></span> <span class='ocrx_word' id='word_1_272' title='bbox 1456 2248 1564 2285; x_wconf 86' lang='lat' dir='ltr'><strong>Nam</strong></span> <span class='ocrx_word' id='word_1_273' title='bbox 1593 2261 1644 2285; x_wconf 81' lang='lat' dir='ltr'><strong>ex</strong></span> 
     </span>
     <span class='ocr_line' id='line_1_31' title="bbox 167 2310 1640 2360; baseline 0.001 -14"><span class='ocrx_word' id='word_1_274' title='bbox 167 2310 237 2346; x_wconf 86' lang='lat' dir='ltr'><strong>illa</strong></span> <span class='ocrx_word' id='word_1_275' title='bbox 282 2310 392 2356; x_wconf 86' lang='lat' dir='ltr'><strong>hora,</strong></span> <span class='ocrx_word' id='word_1_276' title='bbox 430 2324 510 2360; x_wconf 85' lang='lat' dir='ltr'><strong>qua</strong></span> <span class='ocrx_word' id='word_1_277' title='bbox 547 2323 683 2347; x_wconf 89' lang='lat' dir='ltr'><strong>omnes</strong></span> <span class='ocrx_word' id='word_1_278' title='bbox 720 2314 839 2348; x_wconf 86' lang='lat' dir='ltr'><strong>nocte</strong></span> <span class='ocrx_word' id='word_1_279' title='bbox 875 2312 920 2347; x_wconf 90' lang='lat' dir='ltr'><strong>in</strong></span> <span class='ocrx_word' id='word_1_280' title='bbox 964 2311 993 2348; x_wconf 82' lang='lat' dir='ltr'>J</span> <span class='ocrx_word' id='word_1_281' title='bbox 996 2312 1209 2348; x_wconf 86' lang='lat' dir='ltr'><strong>erusolima</strong></span> <span class='ocrx_word' id='word_1_282' title='bbox 1252 2314 1516 2348; x_wconf 86' lang='lat' dir='ltr'><strong>revertuntur</strong></span> <span class='ocrx_word' id='word_1_283' title='bbox 1553 2323 1640 2347; x_wconf 90' lang='lat' dir='ltr'><strong>cum</strong></span> 
     </span>
     <span class='ocr_line' id='line_1_32' title="bbox 169 2368 1641 2422; baseline 0 -13"><span class='ocrx_word' id='word_1_284' title='bbox 169 2373 365 2422; x_wconf 83' lang='lat' dir='ltr'><strong>episcopo,</strong></span> <span class='ocrx_word' id='word_1_285' title='bbox 403 2375 502 2409; x_wconf 89' lang='lat' dir='ltr'><strong>tunc</strong></span> <span class='ocrx_word' id='word_1_286' title='bbox 550 2371 626 2408; x_wconf 89' lang='lat' dir='ltr'><strong>loci</strong></span> <span class='ocrx_word' id='word_1_287' title='bbox 671 2370 796 2420; x_wconf 87' lang='lat' dir='ltr'><strong>ipsius</strong></span> <span class='ocrx_word' id='word_1_288' title='bbox 842 2368 1039 2415; x_wconf 87' lang='lat' dir='ltr'><strong>monachi,</strong></span> <span class='ocrx_word' id='word_1_289' title='bbox 1088 2370 1326 2420; x_wconf 89' lang='lat' dir='ltr'><strong>quicumque</strong></span> <span class='ocrx_word' id='word_1_290' title='bbox 1373 2375 1470 2408; x_wconf 88' lang='lat' dir='ltr'><strong>sunt</strong></span> <span class='ocrx_word' id='word_1_291' title='bbox 1517 2385 1641 2422; x_wconf 84' lang='lat' dir='ltr'><strong>usque</strong></span> 
     </span>
     <span class='ocr_line' id='line_1_33' title="bbox 172 2431 1644 2482; baseline 0 -10"><span class='ocrx_word' id='word_1_292' title='bbox 172 2435 224 2472; x_wconf 88' lang='lat' dir='ltr'><strong>ad</strong></span> <span class='ocrx_word' id='word_1_293' title='bbox 269 2435 398 2471; x_wconf 88' lang='lat' dir='ltr'><strong>lucem</strong></span> <span class='ocrx_word' id='word_1_294' title='bbox 444 2435 489 2471; x_wconf 85' lang='lat' dir='ltr'><strong>in</strong></span> <span class='ocrx_word' id='word_1_295' title='bbox 535 2433 700 2470; x_wconf 85' lang='lat' dir='ltr'><strong>ecclesia</strong></span> <span class='ocrx_word' id='word_1_296' title='bbox 745 2433 789 2469; x_wconf 88' lang='lat' dir='ltr'><strong>in</strong></span> <span class='ocrx_word' id='word_1_297' title='bbox 836 2431 1045 2468; x_wconf 87' lang='lat' dir='ltr'><strong>Bethleem</strong></span> <span class='ocrx_word' id='word_1_298' title='bbox 1091 2433 1348 2482; x_wconf 82' lang='lat' dir='ltr'><strong>pervigilant,</strong></span> <span class='ocrx_word' id='word_1_299' title='bbox 1387 2446 1528 2482; x_wconf 86' lang='lat' dir='ltr'><strong>ymnos</strong></span> <span class='ocrx_word' id='word_1_300' title='bbox 1574 2447 1644 2472; x_wconf 91' lang='lat' dir='ltr'><strong>seu</strong></span> 
     </span>
     <span class='ocr_line' id='line_1_34' title="bbox 171 2494 1643 2545; baseline 0 -12"><span class='ocrx_word' id='word_1_301' title='bbox 171 2496 416 2545; x_wconf 81' lang='lat' dir='ltr'><strong>antiphonas</strong></span> <span class='ocrx_word' id='word_1_302' title='bbox 463 2495 644 2533; x_wconf 86' lang='lat' dir='ltr'><strong>dicentes</strong></span> <span class='ocrx_word' id='word_1_303' title='bbox 658 2509 669 2543; x_wconf 81' lang='lat'><em>3</em></span> <span class='ocrx_word' id='word_1_304' title='bbox 715 2495 809 2544; x_wconf 83' lang='lat' dir='ltr'><strong>quia</strong></span> <span class='ocrx_word' id='word_1_305' title='bbox 856 2494 1083 2543; x_wconf 87' lang='lat' dir='ltr'><strong>episcopum</strong></span> <span class='ocrx_word' id='word_1_306' title='bbox 1127 2507 1286 2532; x_wconf 84' lang='lat' dir='ltr'><strong>necesse</strong></span> <span class='ocrx_word' id='word_1_307' title='bbox 1332 2499 1394 2532; x_wconf 88' lang='lat' dir='ltr'><strong>est</strong></span> <span class='ocrx_word' id='word_1_308' title='bbox 1440 2495 1511 2532; x_wconf 87' lang='lat' dir='ltr'><strong>hos</strong></span> <span class='ocrx_word' id='word_1_309' title='bbox 1559 2495 1643 2533; x_wconf 82' lang='lat' dir='ltr'><strong>dies</strong></span> 
     </span>
    </p>
   </div>
   <div class='ocr_carea' id='block_1_6' title="bbox 619 2653 1190 2701">
    <p class='ocr_par' dir='ltr' id='par_1_6' title="bbox 619 2653 1190 2701">
     <span class='ocr_line' id='line_1_35' title="bbox 619 2653 1190 2701; baseline 0.002 -13"><span class='ocrx_word' id='word_1_310' title='bbox 619 2655 663 2701; x_wconf 78' lang='lat' dir='ltr'><strong>(i)</strong></span> <span class='ocrx_word' id='word_1_311' title='bbox 688 2655 776 2689; x_wconf 85' lang='lat' dir='ltr'><strong>haec</strong></span> <span class='ocrx_word' id='word_1_312' title='bbox 794 2653 923 2699; x_wconf 80' lang='lat' dir='ltr'><strong>omnis]</strong></span> <span class='ocrx_word' id='word_1_313' title='bbox 942 2653 1102 2688; x_wconf 84' lang='lat' dir='ltr'><strong>homines</strong></span> <span class='ocrx_word' id='word_1_314' title='bbox 1119 2654 1190 2689; x_wconf 80' lang='lat' dir='ltr'><strong>cod.</strong></span> 
     </span>
    </p>
   </div>
  </div>
 </body>
</html>
