1747 3121
205 194 289 235 460
828 201 1058 233 APPENDJX.

210 307 331 344 tradit
368 320 435 345 eas
473 321 497 344 a
534 307 777 344 subdiacono
814 305 1035 355 regionaris
1079 309 1121 341 et
1169 305 1253 354 ipse
1299 306 1469 354 porrigit
1518 317 1585 342 eas
1632 303 1683 341 ad

204 369 541 416 archidiaconum,
590 372 631 406 et
678 381 727 405 ex
774 380 841 404 eas
886 367 986 404 facit
1033 371 1117 404 tres
1165 371 1238 404 aut
1276 366 1328 406 V.
1370 367 1530 405 ordines
1569 379 1688 416 super

202 432 342 477 altare,
396 435 559 468 tantum
611 433 659 467 ut
713 429 885 466 sufficiat
938 429 1085 478 populo
1136 432 1177 465 et
1225 428 1372 466 exinde
1419 429 1463 465 in
1509 429 1687 466 crastino

202 498 424 540 remaneat,
472 492 692 531 secundum
739 492 1026 529 auctoritatem
1084 491 1327 531 canonicam.
1406 491 1462 528 Et
1518 491 1682 529 interim

202 561 392 595 teneatur
419 557 522 594 calix
548 570 572 593 a
599 555 845 593 subdiacono
871 555 1110 605 regionario,
1135 558 1177 592 et
1203 555 1349 604 accipit
1377 554 1685 592 archidiaconus

202 622 337 660 amula
363 621 566 672 pontificis
596 620 646 658 de
673 634 797 658 manu
826 620 1089 658 oblationaris
1118 623 1159 656 et
1188 619 1387 656 devacuat
1416 632 1463 656 ea
1494 620 1540 656 in
1566 620 1686 657 calice

203 689 354 731 sancto,
394 684 581 721 similiter
620 683 815 720 ammulas
853 683 1181 732 presbyterorum
1220 695 1290 719 seu
1328 685 1369 718 et
1413 682 1684 723 diaconorum.

202 747 362 784 Deinde
387 750 503 783 tenet
530 746 799 783 subdiaconus
827 746 1063 783 colatorium
1090 757 1209 794 super
1237 745 1398 782 calicem
1427 749 1468 782 et
1497 745 1678 782 mittitur

202 809 251 847 de
271 810 365 846 Vino
386 808 491 858 quod
518 814 579 845 est
605 809 649 845 in
675 808 787 845 sciffo
807 821 904 858 quos
931 808 1048 845 offert
1074 807 1256 857 populus.
1315 806 1475 844 Deinde
1495 810 1685 857 portatur

201 884 397 921 aquarum
426 871 476 908 de
504 870 611 908 scola
639 870 795 908 fontem
825 883 915 907 cum
944 883 1048 920 aqua
1075 869 1238 915 munda,
1270 872 1312 906 et
1341 868 1464 906 datur
1493 868 1546 906 ad
1578 869 1685 907 obla-

200 936 432 982 cionarium,
463 939 505 973 et
533 935 828 972 oblacionarius
858 934 1029 984 porrigit
1059 946 1147 970 eam
1180 932 1471 979 archidiacono,
1508 936 1551 970 et
1583 932 1683 971 facit

200 1011 357 1036 crucem
399 996 450 1034 de
488 1010 592 1046 aqua
629 997 672 1033 in
712 996 860 1034 calicae
900 999 1048 1041 sancto,
1091 999 1260 1032 tenente
1296 1009 1321 1032 a
1359 994 1603 1033 subdiacono
1640 996 1684 1033 in

201 1061 345 1098 dextro
382 1073 505 1098 cornu
545 1060 700 1096 altaris.
762 1057 922 1096 Deinde
957 1057 1164 1096 descendit
1197 1058 1381 1108 pontifex
1415 1072 1438 1096 a
1472 1058 1564 1096 sede
1596 1072 1680 1106 sua,

200 1124 363 1161 veniens
391 1126 487 1160 ante
515 1123 655 1168 altare,
687 1126 729 1159 et
759 1122 902 1171 recipit
940 1120 1246 1158 archidiaconus
1285 1120 1444 1158 oblatas
1482 1122 1682 1171 pontificis

199 1199 223 1221 a
252 1184 494 1222 subdiacono
525 1184 795 1221 oblacionario
826 1188 867 1220 et
898 1182 1028 1220 tradit
1059 1196 1125 1220 eas
1158 1183 1349 1232 pontifici,
1388 1187 1429 1220 et
1462 1184 1580 1233 ponit
1614 1198 1681 1222 eas

198 1245 380 1296 pontifex
420 1259 538 1295 super
576 1246 719 1285 altare.
796 1245 852 1282 Et
899 1246 1042 1294 recipit
1090 1244 1398 1283 archidiaconus
1446 1246 1610 1284 calicem
1656 1261 1681 1284 a

198 1308 441 1346 subdiacono
461 1312 502 1344 et
521 1308 638 1358 ponit
659 1320 751 1345 eum
772 1320 890 1356 super
910 1307 1051 1344 altare.

280 1370 336 1407 Et
373 1370 519 1407 annuit
558 1369 743 1419 pontifex
783 1369 889 1407 scola
927 1374 974 1406 ut
1007 1369 1162 1406 faciant
1196 1370 1315 1407 finem
1330 1383 1341 1417 3
1379 1374 1421 1407 et
1454 1371 1676 1409 revertitur

199 1433 304 1471 scola
337 1433 480 1469 subtus
514 1432 666 1468 tabula.
736 1432 788 1468 In
822 1431 972 1468 Natale
1006 1430 1169 1468 Domini
1207 1432 1291 1468 sive
1328 1431 1371 1468 in
1408 1432 1680 1482 Aepyphania

199 1500 240 1533 et
287 1496 330 1532 in
378 1494 555 1531 Sabbato
604 1501 744 1532 sancto
787 1507 856 1531 seu
898 1495 942 1530 in
986 1493 1200 1531 Dominica
1239 1499 1381 1531 sancta
1419 1498 1460 1531 et
1498 1495 1542 1532 in
1577 1495 1680 1533 feria

198 1557 385 1601 secunda,
418 1557 461 1593 in
493 1557 676 1594 Ascensa
707 1557 873 1594 Domini
904 1560 945 1593 et
977 1556 1018 1592 in
1051 1555 1321 1594 Pentecosten
1358 1556 1423 1593 vel
1460 1557 1503 1593 in
1541 1559 1680 1596 natale

197 1620 328 1656 sancti
367 1618 480 1656 Petri
518 1622 560 1655 et
599 1620 731 1656 sancti
768 1618 897 1664 Pauli,
941 1622 1055 1655 stant
1094 1619 1267 1668 episcopi
1312 1623 1402 1668 post
1448 1620 1678 1668 pontificem

197 1682 394 1719 inclinato
425 1681 567 1730 capite,
603 1682 820 1730 presbiteri
848 1694 943 1719 vero
974 1681 1120 1718 dextra
1150 1682 1318 1731 levaque
1347 1686 1388 1718 et
1416 1685 1531 1718 tenet
1560 1695 1679 1720 unus-

197 1745 363 1795 quisque
401 1744 604 1792 corporale
643 1745 687 1781 in
714 1758 836 1781 manu
866 1757 949 1790 sua,
981 1748 1023 1780 et
1052 1743 1204 1781 dantur
1233 1745 1290 1781 eis
1319 1744 1369 1780 ab
1398 1742 1678 1783 archidiacono

198 1808 354 1845 oblatas
386 1808 486 1844 duas
521 1806 572 1844 ad
606 1806 977 1857 unumquemquefi)
1022 1810 1064 1842 et
1103 1806 1203 1843 dicit
1240 1805 1425 1855 pontifex
1467 1819 1594 1843 canon
1632 1811 1678 1844 ut

197 1869 387 1907 audiatur
433 1871 485 1907 ab
533 1871 602 1914 eis,
651 1873 692 1906 et
739 1870 1047 1907 sanctificantur
1064 1870 1077 1891 ¹
1117 1868 1343 1905 oblaciones
1383 1882 1481 1919 quas
1519 1872 1674 1915 tenent,

198 1932 301 1968 sicut
329 1935 371 1968 et
399 1929 615 1980 pontifex²
646 1961 653 1968 .
687 1960 695 1967 .
728 1962 735 1969 .
766 1931 962 1969 inclinato
992 1933 1123 1981 capite
1151 1935 1243 1979 post
1274 1931 1479 1982 episcopos
1512 1935 1554 1969 et
1587 1932 1676 1969 sub-

199 1993 357 2030 diaconi
373 1992 410 2016 (ἦ)
458 1998 554 2030 ante
591 1994 720 2042 ipsum
759 1993 955 2031 inclinato
999 1995 1130 2044 capite
1161 1992 1214 2030 ad
1248 1993 1390 2038 altare,
1423 2006 1548 2043 usque
1581 1993 1676 2030 dum

199 2056 299 2093 dicit
336 2054 455 2093 Nobis
493 2069 645 2106 quoque.
717 2055 773 2092 Et
807 2057 840 2092 si
874 2056 943 2093 isti
977 2056 1060 2093 dies
1095 2055 1288 2104 solempni
1324 2068 1404 2092 non
1437 2060 1543 2101 sunt,
1580 2054 1676 2092 dum

197 2117 302 2154 calix
330 2118 493 2166 ponitur
521 2131 642 2167 supra
668 2118 810 2163 altare,
832 2123 1092 2155 revertuntur
1117 2117 1329 2167 presbiteri
1354 2118 1395 2154 in
1418 2118 1674 2167 presbiteri03

203 2179 387 2216 similiter
414 2184 456 2217 et
481 2180 583 2217 alius
611 2180 739 2217 clerus
763 2181 981 2217 revertitur
1005 2181 1148 2218 subtus
1169 2180 1309 2216 tabula
1323 2193 1334 2226 3
1363 2184 1404 2216 et
1424 2181 1459 2216 si
1478 2180 1675 2218 dominica

776 2340 813 2385 (i)
841 2350 1031 2384 unumque.

767 2395 818 2440 (ii)
845 2395 1088 2430 subdiaconos.

260 2553 272 2571 ¹
294 2551 362 2583 For
378 2554 597 2594 sanctificant.

258 2603 271 2621 ²
296 2603 496 2644 Something
528 2605 557 2635 is
580 2604 735 2645 wanting
764 2604 856 2636 here.
903 2604 964 2635 We
995 2608 1087 2635 must
1114 2603 1192 2641 add,
1216 2603 1398 2643 according
1429 2605 1464 2634 to
1494 2603 1671 2635 Mabillon.

196 2652 285 2684 Ordo
304 2653 345 2691 L,
361 2654 557 2695 something
572 2654 643 2685 like
660 2655 805 2687 Diaconi
820 2665 893 2686 vero
908 2657 1008 2685 stant.
