1747 3121
200 213 282 254 520
829 220 1061 252 APPENDIX.

201 327 325 364 etiam
355 330 397 363 et
428 326 478 364 de
508 327 812 375 resurrectione,
844 326 1032 365 similiter
1062 329 1105 365 et
1136 326 1186 364 de
1210 326 1290 365 fide
1324 326 1457 364 omnia
1487 325 1681 364 docentur

202 402 272 440 per
287 389 375 427 illos
395 390 492 428 dies.
551 389 643 428 Hoc
662 393 798 427 autem
819 389 1029 428 cathecisis
1049 389 1290 439 appellatur.

615 630 650 668 3.
686 633 707 652 “
726 628 901 668 Traditio
912 629 933 648 ''
959 629 1007 680 of
1028 629 1087 668 the
1119 629 1249 672 Creed.

286 751 343 790 Et
383 753 468 802 jam
512 753 672 804 quando
712 754 934 803 completae
970 752 1126 790 fuerint
1164 750 1412 800 septimanae
1449 748 1624 799 quinque
1662 764 1687 788 a

204 828 284 865 quo
322 815 527 863 docentur,
562 820 662 854 tunc
696 818 897 866 accipient
928 815 1152 853 simbolum.
1212 812 1339 861 Cujus
1375 812 1534 850 simboli
1565 813 1688 851 ratio-

202 889 306 923 nem,
337 877 523 915 similiter
551 879 658 916 sicut
686 880 863 917 omnium
895 878 1195 928 Scripturarum
1224 876 1381 912 ratione
1410 878 1585 925 exponet
1614 876 1683 922 eis,

205 942 455 992 singulorum
482 955 710 980 sermonum
746 943 920 993 primum
958 944 1187 990 carnaliter,
1221 947 1263 980 et
1296 944 1352 980 sic
1390 943 1685 993 spiritualiter3

205 1007 265 1043 ita
284 1010 326 1042 et
346 1005 557 1043 simbolum
585 1011 770 1055 exponet.
829 1006 893 1043 Ac
922 1006 979 1043 sic
1007 1010 1069 1043 est
1102 1010 1149 1043 ut
1174 1007 1218 1043 in
1243 1006 1398 1043 hisdem
1426 1006 1522 1043 locis
1549 1019 1685 1044 omnes

204 1068 342 1107 fideles
373 1073 595 1119 sequantur
630 1069 859 1119 Scripturas
891 1069 1054 1119 quando
1084 1069 1276 1119 leguntur
1305 1069 1350 1106 in
1381 1069 1556 1116 ecclesia,
1590 1070 1685 1120 quia

204 1144 340 1169 omnes
360 1131 558 1169 docentur
577 1144 650 1181 per
670 1132 759 1169 illos
780 1131 864 1169 dies
893 1132 1177 1182 quadraginta,
1207 1132 1249 1169 id
1277 1135 1339 1169 est
1368 1132 1419 1169 ab
1438 1131 1537 1170 hora
1555 1133 1685 1181 prima

204 1207 330 1244 usque
359 1194 411 1232 ad
439 1194 580 1232 horam
608 1196 786 1242 tertiam,
807 1196 997 1245 quoniam
1027 1208 1098 1245 per
1127 1200 1210 1233 tres
1238 1195 1357 1233 horas
1385 1196 1433 1233 fit
1461 1195 1692 1235 cathecisin.

206 1257 319 1295 Deus
349 1260 485 1294 autem
515 1258 603 1304 scit,
636 1257 821 1295 dominae
846 1270 1009 1305 sorores,
1032 1259 1219 1308 quoniam
1247 1259 1419 1307 majores
1444 1271 1560 1296 voces
1589 1265 1685 1295 sunt

204 1323 394 1370 fidelium,
432 1324 500 1373 qui
537 1323 588 1361 ad
618 1323 862 1361 audiendum
898 1325 1059 1361 intrant
1090 1325 1134 1361 in
1167 1323 1396 1362 cathecisen
1429 1324 1480 1361 ad
1507 1337 1554 1362 ea
1582 1337 1684 1374 quae

206 1387 397 1425 dicuntur
435 1388 500 1424 vel
529 1392 787 1438 exponuntur
824 1400 896 1438 per
933 1388 1173 1437 episcopum,
1214 1400 1333 1438 quam
1370 1387 1532 1438 quando
1572 1386 1686 1425 sedet

205 1454 247 1488 et
284 1450 491 1500 praedicat
529 1450 573 1487 in
610 1450 785 1496 ecclesia,
827 1449 879 1486 ad
917 1449 1077 1499 singula
1107 1462 1209 1499 quae
1242 1450 1382 1487 taliter
1412 1453 1683 1499 exponuntur.

207 1512 335 1550 Missa
379 1519 511 1550 autem
558 1512 669 1549 facta
715 1512 927 1549 cathecisis
975 1511 1075 1549 hora
1112 1512 1196 1561 jam
1235 1512 1373 1556 tertia,
1412 1512 1554 1549 statim
1590 1513 1686 1550 inde

206 1589 297 1613 cum
334 1576 465 1625 ymnis
509 1575 674 1612 ducitur
721 1576 928 1626 episcopus
975 1574 1027 1612 ad
1073 1575 1286 1621 Anastase‚
1331 1579 1373 1611 et
1410 1574 1458 1612 fit
1485 1576 1607 1612 missa
1635 1576 1687 1613 ad

206 1639 329 1676 tertia
344 1652 355 1686 3
401 1651 447 1676 ac
484 1639 540 1675 sic
577 1639 710 1676 tribus
747 1638 856 1676 horis
896 1638 1092 1675 docentur
1130 1637 1183 1675 ad
1223 1638 1286 1675 die
1325 1651 1396 1687 per
1442 1639 1686 1689 septimanas
1742 1670 1743 1673 ,

207 1706 371 1751 septem.
445 1700 602 1739 Octava
649 1702 755 1739 enim
798 1702 1024 1751 septimana
1079 1700 1495 1751 Quadragesimarum,
1536 1701 1579 1739 id
1624 1706 1686 1740 est

206 1781 308 1818 quae
336 1768 563 1818 appellatur
595 1769 820 1818 septimana
848 1768 988 1816 major,
1013 1769 1099 1818 jam
1127 1781 1208 1806 non
1236 1773 1354 1806 vacat
1383 1782 1448 1807 eos
1477 1769 1609 1808 doceri
1638 1776 1686 1808 ut

205 1831 454 1880 impleantur
474 1844 520 1868 ea
540 1844 641 1881 quae
661 1831 844 1880 superius
865 1834 971 1868 sunt.

481 2053 518 2091 4.
551 2050 808 2090 “Reddita”
837 2048 1092 2104 [Recitalion]
1123 2051 1169 2101 of
1188 2050 1247 2090 the
1277 2050 1409 2093 Oreos&

285 2179 386 2218 Cum
417 2182 552 2216 autem
575 2178 660 2227 jam
690 2178 928 2215 transierint
958 2182 1111 2228 septem
1139 2179 1397 2228 septimanae,
1420 2184 1582 2229 superat
1610 2182 1681 2220 illa

203 2255 286 2279 una
318 2242 544 2291 septimana
575 2240 775 2290 paschalis
809 2254 929 2290 quam
960 2240 1026 2278 hic
1055 2241 1260 2290 appellant
1289 2242 1513 2291 septimana
1540 2244 1677 2293 major.

203 2305 230 2343 J
233 2318 297 2342 am
317 2309 416 2342 tunc
430 2305 544 2342 venit
563 2305 767 2354 episcopus
787 2316 905 2341 mane
924 2304 967 2340 in
987 2303 1152 2341 ecclesia
1171 2304 1322 2353 majore
1342 2304 1393 2341 ad
1409 2305 1655 2355 Martyrium
1669 2320 1681 2356 ;

202 2372 311 2405 retro
350 2368 394 2404 in
432 2367 572 2405 absida
609 2371 701 2417 post
740 2366 931 2403 altarium
963 2367 1129 2416 ponitur
1163 2367 1355 2405 cathedra
1403 2369 1596 2419 episcopo,
1639 2376 1680 2409 et

204 2430 262 2467 ibi
289 2443 392 2467 unus
422 2434 464 2467 et
500 2443 606 2467 unus
634 2428 767 2475 vadet,
799 2426 899 2465 virm
916 2441 1006 2466 cum
1043 2433 1160 2478 patre
1197 2442 1280 2476 suo,
1310 2434 1382 2467 aut
1418 2431 1562 2469 mulier
1590 2445 1680 2471 oum

203 2496 334 2530 matre
362 2505 444 2538 sua,
476 2496 518 2529 et
546 2491 688 2529 reddet
717 2491 929 2528 simbolum
958 2491 1150 2541 episcopo.
1206 2491 1386 2530 Reddito
1423 2496 1559 2530 autem
1586 2495 1680 2532 sim-

200 2553 292 2592 bolo
310 2554 505 2603 episcopo,
524 2553 743 2603 alloquitur
766 2567 903 2592 omnes
929 2556 1144 2606 episcopus,
1168 2561 1210 2595 et
1235 2558 1367 2596 dicet:
1393 2562 1417 2580 “
1432 2558 1511 2597 Per
1538 2561 1639 2599 istas
1651 2562 1684 2587 ‘fl'

200 2620 354 2667 septem
392 2617 637 2666 septimanas
684 2617 811 2667 legem
849 2630 1006 2656 omnem
1044 2619 1177 2657 edocti
1222 2621 1318 2658 estis
1357 2620 1684 2675 Scripturarum3

515 2715 556 2761 (i)
584 2715 650 2752 viri
666 2717 738 2753 cod.
1118 2718 1176 2765 (ii)
1201 2718 1286 2755 istos
1303 2722 1375 2756 cod.
