1747 3121
389 197 474 226 THE
505 196 875 227 RECONCILIATION
907 196 959 226 OF
991 195 1238 225 PENITENTS.
1463 185 1544 226 441

76 297 190 333 meriti
226 297 288 332 sed
319 297 410 332 dono
452 298 584 343 gratiae
610 300 690 331 tuae
728 298 939 332 constituisti
981 297 1094 342 operis
1127 297 1231 342 hujus
1270 297 1476 342 ministrum,
1505 298 1548 332 da

78 353 243 387 fiduciam
272 352 321 387 tui
346 353 500 388 muneris
529 352 735 397 exequendi,
754 357 790 387 et
818 352 892 397 ipse
918 352 954 386 in
983 356 1100 387 nostro
1131 352 1323 386 ministerio
1347 351 1442 397 quod
1468 356 1548 387 tuae

75 411 216 457 pietatis
234 414 288 445 est
304 411 475 455 operare.¹

145 465 254 512 [Vere
290 466 435 511 dignum
469 461 477 501 ζ
506 493 514 501 .
541 493 549 502 .
584 467 739 511 aeterne]
788 467 895 510 Deus,
935 465 1082 500 humani
1119 465 1258 509 generis
1298 464 1548 510 benignissime

74 522 232 557 conditor
265 525 301 556 et
329 521 653 555 misericordissime
687 521 918 566 reformator3
946 521 1005 566 qui
1040 520 1219 555 hominem
1252 520 1385 554 invidia
1419 520 1548 555 diaboli

74 578 118 611 ab
150 577 357 612 aeternitate
392 576 572 620 dejectum
608 577 705 610 unici
735 576 843 611 Filii2
877 577 927 611 tui
968 576 1137 621 sanguine
1178 576 1369 622 redemisti,
1409 576 1550 611 vivifica

74 633 168 667 hunc
195 632 366 666 famulum
395 632 522 666 tuum3
547 643 653 677 quem
679 631 742 665 tibi
770 631 969 666 nullatenus
995 631 1084 665 mori
1115 630 1302 675 desideras,
1331 635 1367 665 et
1390 631 1451 676 qui
1478 642 1550 666 non

75 688 286 734 derelinquis
338 687 490 731 devium,
534 687 678 721 adsume
721 691 932 732 correptum.
1007 686 1177 721 Moveant
1226 686 1395 732 pietatem
1436 690 1550 731 tuam,

73 753 296 789 quaesumus,
330 742 491 786 Domine,
526 742 630 787 hujus
671 741 792 776 famuli
823 742 874 776 tui
907 742 1106 787 lacrymosa
1147 742 1306 787 suspiria.
1376 742 1430 776 Tu
1473 742 1550 788 ejus

74 799 213 834 medere
246 797 458 840 vulneribus,
490 801 530 832 tu
562 797 697 843 jacenti
732 809 876 832 manum
910 798 1047 843 porrige
1088 797 1288 839 salutarem,
1316 808 1361 831 ne
1389 796 1549 832 Ecclesia

73 859 135 889 tua
163 854 279 899 aliqua
312 852 366 887 sui
400 852 553 898 corporis
587 852 747 898 portione
776 856 946 897 vastetur,
981 864 1025 887 ne
1059 864 1145 897 grex
1177 857 1259 888 tuus
1293 853 1547 888 detrimentum

74 911 252 954 sustineat,
287 920 332 944 ne
375 909 418 943 de
445 908 597 943 familiae
639 913 721 943 tuae
760 908 889 943 damno
930 908 1092 942 inimicus
1127 908 1272 953 exultet,
1309 920 1354 944 ne
1387 913 1551 945 renatum

73 965 213 1000 lavacro
240 963 383 999 salutari
416 975 509 998 mors
539 964 696 998 secunda
722 964 911 1009 possideat.
962 963 1043 998 Tibi
1069 975 1161 1009 ergo,
1188 964 1350 1008 Domine,
1378 965 1550 1011 supplices

73 1031 205 1066 preces,
239 1019 304 1054 tibi
338 1019 460 1053 fletum
494 1019 608 1054 cordis
650 1018 873 1053 effundimus.
934 1018 990 1052 Tu
1029 1030 1133 1064 parce
1175 1019 1368 1062 confitenti,
1410 1020 1476 1054 ut4
1514 1020 1550 1055 in

73 1077 297 1111 imminentes
348 1086 481 1120 paenas
532 1075 814 1120 sententiamque
856 1073 962 1109 futuri
1006 1073 1129 1119 judicii
1170 1078 1205 1108 te
1247 1075 1434 1110 miserante
1478 1087 1550 1110 non

74 1132 217 1167 incidat.
281 1131 427 1166 Nesciat
459 1131 551 1176 quod
595 1134 703 1166 terret
738 1130 774 1165 in
808 1130 974 1175 tenebris,
1011 1130 1103 1176 quod
1137 1130 1260 1164 stridet
1299 1130 1336 1165 in
1377 1130 1549 1176 flammis3

74 1192 179 1234 atque
209 1187 253 1222 ab
283 1186 408 1221 erroris
434 1186 492 1220 via
522 1186 566 1220 ad
596 1186 663 1221 iter
696 1197 855 1220 reversus
880 1185 1050 1231 justitiae,
1081 1196 1301 1230 nequaquam
1326 1185 1419 1220 ultra
1447 1186 1550 1221 novis

74 1243 278 1278 vulneribus
312 1243 511 1285 saucietur3
554 1242 616 1276 sed
647 1241 823 1286 integrum
859 1241 904 1275 sit
937 1241 970 1276 ei
1003 1245 1110 1286 atque
1143 1245 1353 1288 perpetuum
1386 1246 1423 1276 et
1455 1242 1549 1288 quod

73 1299 184 1345 gratia
201 1303 261 1334 tua
279 1297 427 1333 eontulit
444 1302 481 1333 et
499 1298 592 1343 quod
610 1297 848 1332 misericordia
865 1297 1095 1332 reformavit.⁶

160 1416 248 1456 The
289 1413 488 1456 Gallican
522 1414 656 1454 books
697 1413 866 1454 furnish
908 1427 959 1454 us
1004 1414 1166 1467 merely
1199 1414 1306 1455 with
1346 1428 1371 1455 a
1411 1415 1548 1470 single

74 1499 236 1541 prayer,
268 1484 373 1526 With
408 1484 466 1525 :its
499 1483 749 1537 invitatory‚
783 1483 847 1524 for
880 1483 953 1524 the
988 1483 1308 1525 reconciliation
1348 1484 1394 1525 of
1430 1485 1547 1539 peni-

74 1560 202 1597 tents.
264 1555 308 1596 It
348 1554 386 1595 is
422 1553 650 1607 preserved
683 1557 727 1593 at
765 1553 838 1594 the
880 1553 964 1593 end
1004 1552 1050 1593 of
1087 1553 1161 1594 the
1202 1553 1368 1594 Bobbio
1401 1554 1544 1595 Sacra-

74 1621 302 1678 mentary,⁰
331 1624 410 1665 but
449 1623 521 1664 the
556 1622 824 1676 manuscript
854 1622 890 1663 is
927 1622 973 1663 in
1004 1636 1028 1663 a
1059 1636 1163 1675 very
1199 1622 1282 1663 bad
1315 1623 1544 1665 condition.

73 1694 135 1735 At
165 1694 239 1735 the
273 1693 380 1734 time
413 1692 539 1733 When
572 1691 693 1732 these
730 1691 863 1732 books
895 1705 1005 1732 were
1039 1691 1185 1731 drawn
1217 1705 1287 1745 up,
1320 1692 1393 1733 the
1423 1692 1544 1747 peni-

74 1763 228 1805 tential
267 1761 504 1815 discipline,
540 1760 775 1815 especially
806 1760 853 1801 in
891 1760 1015 1810 Gaul,
1052 1760 1136 1800 had
1177 1761 1285 1801 been
1326 1761 1546 1814 subjected

74 1839 117 1874 to
138 1845 244 1886 very
266 1830 558 1873 considerable
579 1830 774 1871 external
796 1828 1144 1871 modifications.⁷

140 1975 149 1993 ¹
174 1973 286 2005 There
301 1972 332 2003 is
347 1982 367 2003 a
382 1971 506 2003 second
520 1981 643 2011 prayer
657 1971 757 2007 here;
779 1971 842 2002 but
857 1970 917 2001 the
933 1969 1073 2010 general
1089 1969 1265 2001 character
1280 1970 1317 2001 of
1337 1969 1396 2001 the
1414 1970 1545 2001 Roman

74 2026 278 2058 ceremonies
293 2024 389 2056 leads
404 2034 444 2055 us
460 2026 495 2055 to
510 2023 633 2064 regard
648 2023 676 2054 it
693 2033 729 2054 as
745 2033 789 2054 an
805 2022 1021 2054 alternative.

137 2078 149 2096 ²
173 2077 261 2109 Filii
276 2074 436 2116 supplied
450 2075 537 2105 from
553 2074 612 2105 the
629 2073 820 2114 Gregorian
837 2073 1107 2114 Sacramentary.

138 2128 151 2146 ³
174 2127 275 2159 Hunc
283 2126 457 2168 famulum
472 2127 566 2156 tuum
582 2124 705 2165 Greg.:
728 2126 842 2165 itaque
858 2123 934 2155 Gel.

139 2181 151 2198 ⁴
181 2179 223 2212 Ut
247 2203 254 2209 .
280 2202 286 2209 .
312 2202 319 2209 .
342 2176 487 2215 ineidat]
512 2175 638 2215 Greg:
676 2174 756 2206 “Ut
787 2175 835 2205 sic
865 2174 901 2205 in
932 2174 998 2205 hac
1027 2173 1236 2205 mortalitate
1266 2174 1406 2213 peccata
1428 2183 1490 2205 sua
1513 2176 1548 2206 te

73 2231 261 2273 adjuvante
284 2227 411 2259 defleat
433 2227 583 2267 qualiter
606 2226 643 2256 in
666 2225 835 2257 tremendi
855 2225 981 2266 judicii
1008 2224 1064 2255 die
1087 2223 1294 2256 sententiam
1317 2223 1546 2256 damnationis

74 2286 232 2315 aeternae
248 2279 383 2317 evadat,
400 2279 434 2309 et
450 2277 591 2315 nesciat,
606 2276 691 2308 etc.’'

138 2335 150 2352 ⁵
173 2333 267 2365 Here
291 2331 351 2362 the
376 2329 542 2361 Gelasian
567 2328 827 2369 Sacramentary
848 2328 944 2368 gives
970 2337 991 2358 a
1014 2325 1108 2357 fresh
1131 2335 1237 2367 group
1262 2326 1298 2357 of
1323 2326 1547 2366 formularies,

74 2386 170 2418 three
194 2392 343 2425 prayem,
367 2380 436 2412 and
458 2391 478 2411 a
494 2379 712 2410 Eucharistic
733 2389 873 2419 prayer;
905 2378 1002 2410 these
1026 2376 1249 2409 alternatives
1272 2376 1315 2408 do
1338 2379 1397 2409 not
1421 2388 1548 2418 appear

73 2438 109 2469 in
125 2437 185 2468 the
201 2433 393 2474 Gregorian
408 2431 634 2472 supplement.

137 2488 150 2508 ⁶
173 2485 352 2523 Muratori‚
368 2484 432 2515 vol.
449 2483 486 2514 ii.
502 2492 533 2523 p.
551 2484 624 2514 966.

140 2539 150 2556 ⁷
174 2538 240 2569 For
263 2536 324 2568 tho
348 2534 534 2567 variations
558 2533 595 2564 of
623 2533 682 2563 the
715 2531 919 2572 penitential
944 2531 1126 2571 discipline
1156 2531 1192 2562 in
1216 2530 1310 2562 Gaul
1334 2531 1402 2562 and
1426 2532 1463 2563 in
1487 2532 1547 2564 the

75 2589 207 2622 British
244 2587 341 2625 hies,
378 2595 433 2617 see
470 2585 639 2624 Malnory,
674 2584 890 2614 Luxoviemes
922 2582 1086 2621 monachi,
1118 2592 1149 2622 p.
1181 2583 1232 2620 62,
1262 2585 1292 2614 et
1330 2593 1390 2624 seq.
1422 2583 1545 2623 (Paris,

77 2641 185 2681 1894).
