1747 3121
195 225 280 266 488
817 226 1050 257 APPENDIX.

199 334 382 370 circumit
411 334 614 370 ecclesiam
643 334 693 369 ab
723 332 853 369 hostio
875 332 918 369 in
941 336 1097 381 partem
1127 332 1399 382 aquilonarem
1429 333 1557 382 prima
1587 334 1672 370 viee

198 409 322 445 usque
351 397 498 433 iterum
529 394 580 431 ad
609 395 714 431 idem
747 395 952 440 hostium3
982 398 1023 431 et
1051 407 1140 431 cum
1171 394 1253 431 illic
1283 398 1522 444 perventum
1547 394 1671 432 fuerit

199 458 332 506 pulsat
366 458 542 495 hostium
572 458 703 494 tribus
733 457 897 502 vicibus,
920 456 1115 494 dicendo:
1152 455 1290 493 Tollite
1303 462 1448 507 portas,
1465 457 1670 508 principe&

199 525 340 558 vestras
371 526 406 558 et
437 520 646 565 elevamini,
681 524 821 570 portae
854 519 1077 565 aeternales,
1110 524 1145 556 et
1183 518 1352 556 introibit
1390 519 1477 557 Rex
1513 519 1666 569 ylariae.

199 584 276 620 Ille
297 583 456 620 deintus
485 582 729 632 respondens
760 582 867 619 dicat
886 597 892 619 :
926 581 1020 628 Quis
1035 587 1089 620 est
1109 582 1178 619 iste
1198 595 1266 620 reat
1284 582 1430 631 qloriae
1443 583 1462 619 ?
1518 582 1674 621 Iterum

200 645 465 683 circumienda
497 649 560 682 est
594 645 759 682 ecclesia
788 644 962 682 secunda
1001 645 1087 682 vice
1125 646 1231 682 sicut
1264 646 1388 695 prius,
1416 658 1506 683 cum
1536 645 1674 683 eadem

199 708 419 758 antiphona
451 712 491 745 et
521 708 657 745 eodem
684 708 845 758 psalmo,
870 707 1091 758 usquedum
1120 709 1379 758 perveniatur
1410 708 1461 745 ad
1486 707 1674 755 hostium,

199 775 321 820 atque
371 771 518 808 iterum
565 770 749 820 pulsetur
797 771 902 807 sicut
948 771 1060 819 prius
1108 770 1255 808 eisdem
1303 771 1436 808 verbis
1483 774 1524 808 et
1570 770 1675 809 idem

199 832 466 882 respondente
504 832 667 870 deintus
698 832 864 870 latente.
925 831 1037 869 Tunc
1068 833 1190 870 tertio
1229 833 1376 870 iterum
1405 833 1676 871 circumienda

200 900 260 933 est
298 895 434 933 eodem
472 895 588 933 modo
622 908 713 932 cum
745 895 883 932 eodem
914 899 1036 932 cantu
1069 908 1192 945 usque
1222 896 1370 933 iterum
1405 896 1455 933 ad
1486 896 1674 935 hostium.

199 959 311 996 Tunc
338 957 492 996 dicenti
509 959 690 1008 pontifici
717 962 758 996 et
785 957 963 1008 pulsanti
989 958 1229 1008 respondum
1259 963 1319 996 est
1346 959 1382 996 ei
1408 960 1514 996 sicut
1539 959 1675 1008 prius:

201 1021 296 1067 Quis
344 1025 397 1058 est
445 1020 515 1058 iste
563 1034 632 1058 reoe
678 1019 856 1069 yloriae?
939 1019 1131 1057 Pontifex
1178 1021 1442 1070 respondeat:
1490 1020 1676 1059 Dominus

199 1085 375 1122 virtutum
394 1084 475 1134 ipse
496 1088 550 1121 est
569 1083 657 1121 Rex
677 1083 833 1132 yloriae.

280 1150 391 1187 Tunc
418 1149 649 1199 aperientur
678 1148 810 1185 hostia
842 1153 883 1186 et
917 1148 1097 1186 canenda
1131 1152 1193 1186 est
1223 1147 1448 1196 antiphona
1469 1146 1675 1185 Ambulate

199 1213 320 1250 sancti
344 1211 433 1258 Dei,
462 1211 705 1260 ingredimini
736 1211 776 1248 in
803 1211 949 1248 domum
978 1209 1144 1255 Domini,
1182 1222 1270 1246 cum
1302 1209 1454 1259 psalmo
1487 1208 1675 1246 Laetatus

199 1289 279 1313 sam
311 1275 351 1313 in
378 1274 435 1312 his
467 1287 563 1325 quae
597 1274 700 1311 dicta
732 1279 816 1311 sunt
848 1274 939 1311 mihi
976 1278 1018 1310 et
1056 1277 1199 1310 cetera.
1258 1272 1313 1308 Et
1351 1272 1420 1309 ille
1457 1272 1524 1321 qui
1562 1272 1674 1321 prius

199 1338 334 1376 fuerat
371 1337 483 1374 intus
521 1337 635 1386 quasi
671 1336 829 1386 fugiens
868 1336 1097 1385 egrediatur
1136 1335 1186 1371 ad
1218 1334 1319 1372 illud
1350 1334 1525 1372 hostium
1555 1334 1673 1381 foras,

200 1400 349 1436 iterum
386 1399 639 1447 ingressurus
677 1411 748 1447 per
785 1399 958 1448 primum
997 1397 1174 1434 hostium
1213 1396 1386 1434 vestitus
1418 1397 1670 1433 vestimentis

201 1461 491 1499 ecclesiasticis,

282 1525 392 1561 Dum
410 1523 637 1572 ingreditur
656 1522 839 1572 pontifex
861 1522 1067 1559 ecclesiam
1088 1522 1186 1559 dicit
1207 1522 1428 1559 orationem

282 1586 443 1624 Domum
463 1590 565 1622 taam
586 1584 746 1622 Domine
767 1584 961 1622 clementer
990 1614 997 1621 .
1032 1615 1039 1623 .
1073 1615 1080 1623 .

281 1648 361 1685 Illa
390 1648 507 1685 finita
536 1648 680 1696 incipit
710 1648 858 1684 iterum
888 1647 940 1683 ab
970 1647 1101 1684 hostio
1127 1645 1180 1683 ad
1209 1651 1367 1696 partem
1398 1645 1673 1695 aquilonarem

201 1710 252 1746 ab
300 1710 412 1746 intus
455 1720 669 1757 aspargere
716 1720 869 1757 aquam,
918 1707 1182 1757 antiphonam
1232 1710 1403 1744 canente
1442 1705 1561 1743 Beati
1609 1706 1674 1756 qui

201 1771 373 1809 habitam
406 1770 447 1808 in
474 1770 581 1807 domo
611 1775 688 1814 tua,
720 1769 900 1816 Domine,
928 1782 1017 1807 cum
1050 1769 1201 1819 psalmo
1228 1769 1351 1814 Quam
1381 1768 1522 1806 dilecta
1556 1769 1677 1806 taber—

201 1833 341 1872 nacula
372 1838 449 1879 tua,
483 1832 655 1878 Domine,
691 1832 911 1882 usquedum
949 1833 1061 1882 prius
1091 1832 1373 1870 circumeundo
1398 1832 1503 1869 sicut
1529 1845 1553 1869 a
1578 1832 1676 1870 foris

200 1899 428 1950 pervenerit
448 1898 498 1936 ad
518 1898 706 1944 hostium,
723 1902 765 1936 et
784 1898 883 1935 dicit
902 1899 1123 1936 orationem

284 1961 392 1999 Deus
411 1960 477 2011 qui
496 1960 537 1998 in
556 1960 656 1997 omni
678 1959 755 1997 loco
785 1991 793 1999 .
825 1989 833 1997 .
867 1988 875 1997 .

283 2024 339 2061 Et
377 2025 433 2061 sic
464 2024 613 2060 iterum
651 2022 920 2060 circumienda
957 2026 1019 2059 est
1057 2035 1146 2060 cum
1184 2021 1415 2071 supradicta
1453 2021 1678 2072 antiphona

201 2091 243 2124 et
295 2085 431 2124 eodem
483 2085 634 2135 psalmo
682 2097 806 2134 usque
853 2084 904 2121 ad
947 2083 1052 2121 idem
1099 2084 1275 2122 hostium
1315 2087 1357 2122 et
1401 2083 1570 2121 dicenda
1614 2088 1678 2122 est

205 2149 333 2202 oratio

285 2212 392 2249 Deus
411 2211 476 2262 qui
497 2211 579 2249 loca
598 2211 739 2249 nomini-
759 2216 819 2248 tuo
849 2240 858 2248 .
887 2240 896 2249 .
928 2241 938 2251 .

284 2276 340 2314 Et
360 2290 450 2314 cum
470 2277 594 2314 tertio
613 2277 790 2314 lustrata
809 2276 934 2313 fuerit
955 2277 1005 2313 ab
1025 2276 1137 2313 intus
1157 2276 1259 2312 sicut
1279 2274 1408 2324 primo
1426 2278 1468 2311 et
1488 2273 1673 2320 secundo,

207 2339 376 2376 dicenda
396 2343 459 2376 est
479 2340 608 2377 oratio

284 2400 391 2438 Deus
411 2401 475 2451 qui
494 2400 764 2439 sacrandorum
789 2431 797 2440 .
829 2431 838 2440 .
870 2431 879 2440 .

285 2462 398 2499 Tunc
417 2463 566 2500 iterum
588 2463 754 2512 incipiet
781 2462 911 2499 clerus
938 2461 1156 2498 laetaniam
1182 2461 1323 2510 positis
1347 2459 1528 2509 reliquiis
1556 2463 1675 2496 extra

205 2525 338 2562 velum
359 2525 464 2574 quod
494 2529 706 2563 extensum
734 2529 796 2562 est
822 2525 929 2561 inter
955 2524 1092 2561 aedem
1119 2527 1160 2560 et
1189 2523 1328 2560 altare.
1388 2522 1476 2567 Quo
1507 2526 1678 2560 canente

203 2587 432 2637 ingreditur
479 2587 662 2636 pontifex
707 2600 795 2625 cum
841 2587 1046 2636 deputatis
1084 2586 1279 2623 ministris
1317 2586 1427 2622 intra
1465 2585 1597 2622 velum
1635 2589 1676 2621 et

203 2649 302 2686 facit
342 2649 516 2686 maldam
555 2650 602 2687 de
636 2663 739 2697 aqua
773 2649 1025 2687 sanctificata
1058 2648 1165 2686 unde
1196 2648 1456 2686 recludantur
1489 2648 1678 2698 reliquiae
