1747 3121
398 235 714 265 PEREGRINATIO
746 235 962 265 ETHERIAE
993 225 1207 279 (SILVIAE).
1455 229 1539 271 495

81 334 155 370 hoc
184 333 232 369 fit
262 335 399 371 oratio.
459 334 565 371 Item
596 335 693 371 dicit
723 335 920 384 psalmum
952 336 1190 385 quicumque
1218 335 1267 373 de
1299 335 1539 382 diaconibus,

79 395 263 432 similiter
290 395 338 431 fit
366 396 504 433 oratio.
578 396 740 434 Dicitur
770 401 812 434 et
845 398 991 434 tertius
1027 398 1203 447 psalmus
1237 412 1261 434 a
1297 410 1542 448 quocumque

81 457 234 505 clerico,
265 457 313 494 fit
344 462 385 494 et
415 458 538 495 tertio
567 459 707 504 oratio,
741 463 783 495 et
817 460 1134 497 commemoratio
1166 460 1353 497 omnium.
1411 460 1543 496 Dictis

77 532 170 568 ergo
196 519 259 556 his
286 520 415 556 tribus
443 520 605 568 psalmis
635 524 675 557 et
702 520 821 557 factis
850 522 1096 558 orationibus
1125 522 1268 568 tribus,
1300 535 1387 559 ecce
1419 523 1539 559 etiam

77 582 327 618 thimiataria
351 582 584 619 inferuntur
608 583 717 620 intro
742 583 931 632 spelunca
951 583 1176 629 Anastasis,
1200 588 1247 620 ut
1267 588 1355 621 tota
1375 585 1537 621 basilica

73 642 290 680 Anastasis
310 643 514 691 repleatur
535 642 730 679 odoribus.
794 642 847 678 Et
877 647 975 679 tunc
1004 644 1060 679 ibi
1089 648 1172 679 stat
1202 645 1407 692 episcopus
1435 645 1543 681 intro

73 706 277 750 cancellos,
312 705 483 753 prendet
515 705 766 753 evangelium
798 710 839 741 et
871 705 1030 742 accedet
1061 706 1111 742 ad
1146 706 1332 752 hostium,
1367 710 1408 742 et
1438 707 1544 755 leget

73 768 404 806 resurrectionem
425 767 590 804 Domini
610 768 815 816 episcopus
834 768 929 816 ipse.
988 767 1103 812 Quod
1132 781 1222 805 cum
1251 769 1423 818 coeperit
1452 769 1541 818 legi,

79 834 218 867 tantus
255 830 412 878 rugitus
457 833 498 865 et
535 833 712 878 mugitus
753 831 800 867 fit
842 832 1017 869 omnium
1067 833 1270 871 hominum
1316 840 1356 872 et
1394 840 1533 873 tantae

80 891 276 936 lacrimae,
324 894 372 926 ut
409 890 590 938 quamvis
635 890 868 928 durissimus
911 895 1037 941 possit
1083 896 1233 931 moveri
1270 896 1313 932 in
1356 897 1539 945 lacrimis,

80 953 298 990 Dominum
331 964 404 1001 pro
440 952 555 988 nobis
588 956 706 989 tanta
744 955 989 992 sustinuisse.
1049 955 1172 993 Lecto
1208 970 1302 1006 ergo
1338 961 1545 1009 evangelio

79 1016 164 1052 exit
206 1015 423 1063 episcopus,
467 1018 509 1051 et
541 1013 703 1052 ducitur
741 1029 830 1053 cum
866 1018 997 1066 ymnis
1030 1018 1081 1055 ad
1115 1018 1293 1065 Crucem,
1333 1025 1374 1058 et
1418 1024 1545 1060 omnis

66 1077 248 1128 ·populus
289 1090 379 1114 cum
398 1077 477 1113 illo.
537 1077 604 1113 Ibi
623 1077 754 1115 denuo
775 1078 923 1116 dicitur
943 1093 1046 1117 unus
1065 1081 1252 1129 psalmus,
1274 1086 1315 1119 et
1335 1082 1384 1120 fit
1403 1086 1542 1122 oratio.

80 1141 187 1178 Item
224 1139 425 1176 benedicit
471 1139 618 1185 fideles,
658 1144 700 1177 et
750 1141 799 1178 fit
836 1142 967 1178 missa.
1040 1143 1096 1179 Et
1134 1147 1307 1181 exeunte
1353 1146 1542 1196 episcopo,

80 1215 215 1241 omnes
253 1202 304 1239 ad
334 1215 499 1239 manum
527 1202 734 1240 accedunt.
805 1203 902 1241 Mox
933 1208 1070 1241 autem
1100 1206 1241 1254 recipit
1271 1219 1313 1243 se
1342 1208 1545 1258 episcopus

79 1266 123 1302 in
151 1265 310 1302 domum
333 1277 461 1303 suam.
521 1264 658 1300 Etiam
677 1277 727 1301 ex
746 1265 815 1301 illa
834 1265 932 1302 hora
951 1271 1211 1304 revertuntur
1227 1269 1240 1290 1
1261 1281 1395 1306 omnes
1413 1283 1544 1308 mona-

80 1331 215 1365 zontes
246 1326 297 1363 ad
326 1327 578 1372 Anastasim,
611 1331 652 1363 et
685 1327 829 1376 psalmi
861 1328 1050 1365 dicuntur
1082 1333 1123 1366 et
1151 1330 1394 1379 antiphonae
1422 1345 1546 1382 usque

86 1390 138 1427 ad
168 1390 309 1435 lucem,
341 1393 383 1426 et
413 1393 505 1426 cata
535 1390 712 1438 singulos
744 1390 915 1438 psalmos
945 1391 1008 1427 vel
1041 1391 1282 1440 antiphonas
1314 1393 1361 1429 fit
1393 1396 1521 1432 oratio
1535 1409 1544 1442 ;

85 1452 241 1489 vicibus
270 1452 377 1488 enim
408 1451 586 1500 quotidie
615 1452 839 1501 presbyteri
863 1456 905 1489 et
929 1452 1113 1490 diacones
1136 1454 1307 1503 vigilant
1337 1455 1388 1491 ad
1417 1456 1547 1493 Anas-

82 1516 202 1552 tasim
241 1527 331 1552 cum
368 1514 525 1563 populo.
584 1514 648 1551 De
684 1514 795 1551 laicis
828 1515 961 1561 etiam,
996 1516 1092 1552 viris
1131 1521 1203 1553 aut
1235 1517 1478 1565 mulieribus,
1514 1521 1548 1556 si

82 1578 152 1628 qui
170 1577 313 1614 volunt
338 1589 462 1626 usque
488 1575 540 1613 ad
560 1576 698 1622 lucem,
722 1577 806 1613 loco
825 1581 921 1613 sunt
935 1591 945 1624 3
975 1578 1008 1614 si
1027 1579 1095 1627 qui
1115 1577 1265 1624 nolunt,
1286 1583 1544 1618 revertuntur

82 1641 125 1677 in
143 1639 279 1677 domos
298 1651 401 1684 suaS‚
425 1642 467 1676 et
485 1643 681 1688 reponent
700 1651 740 1676 se
759 1638 940 1676 dormito.

720 1873 755 1911 2.
790 1872 909 1910 Mass.

158 1994 260 2032 Cum
298 1994 386 2029 luce
428 1994 575 2036 autem,
622 1989 715 2039 quia
758 1988 957 2025 dominica
1002 1988 1085 2024 dies
1123 1990 1193 2032 est,
1233 1987 1462 2035 proceditur
1504 1987 1548 2023 in

77 2057 242 2096 ecclesia
288 2056 438 2104 majore
485 2065 605 2102 quam
641 2052 739 2088 fecit
785 2049 1102 2097 Constantinus3
1150 2061 1250 2097 quae
1295 2048 1459 2085 ecclesia
1504 2049 1549 2084 in

78 2119 278 2169 Golgotha
305 2122 366 2155 est
389 2119 480 2166 post
509 2114 678 2151 Crucem
692 2127 703 2161 3
731 2117 773 2150 et
802 2113 906 2149 fiunt
935 2112 1066 2149 omnia
1095 2110 1313 2147 secundum
1341 2114 1549 2147 consuetu-

77 2184 212 2221 dinem
231 2193 334 2231 quae
353 2179 501 2228 ubique
520 2177 569 2214 fit
590 2177 653 2214 die
673 2175 881 2213 dominica.
941 2173 1045 2210 Sane
1072 2173 1166 2222 quia
1190 2172 1253 2208 hic
1268 2173 1283 2194 2
1303 2171 1549 2209 consuetudo

78 2246 133 2282 sic
151 2248 213 2281 est
232 2246 279 2280 ut
299 2242 348 2279 de
367 2241 551 2278 omnibus
571 2238 816 2288 presbyteris
837 2237 907 2286 qui
931 2235 1074 2272 sedent
1102 2234 1243 2283 quanti
1269 2234 1412 2270 volunt
1440 2246 1549 2282 prae-

79 2307 226 2351 dicent,
239 2308 281 2342 et
295 2306 383 2354 post
395 2303 484 2338 illos
496 2313 630 2338 omnes
645 2300 850 2348 episcopus
862 2297 1068 2347 praedicat
1084 2311 1094 2344 ;
1115 2308 1217 2345 quae
1229 2295 1549 2344 praedicationes

79 2372 289 2418 propterea
327 2377 480 2414 semper
518 2362 725 2400 dominicis
760 2361 900 2398 diebus
934 2362 1041 2405 sunt,
1076 2362 1123 2394 ut
1154 2369 1309 2406 semper
1340 2357 1549 2394 erudiatur

80 2431 249 2478 populus
270 2430 313 2466 in
337 2426 556 2476 Scripturis
583 2429 625 2462 et
653 2425 697 2461 in
726 2423 804 2460 Dei
832 2422 1072 2464 dilectione;
1104 2432 1204 2468 quae
1231 2419 1549 2468 praedicationes

145 2558 154 2576 ¹
178 2557 253 2589 The
284 2551 527 2586 ecclesiastica]
557 2549 645 2591 vigil
675 2549 704 2579 is
736 2557 831 2580 oven
865 2544 924 2575 the
950 2541 1071 2573 monks
1098 2542 1225 2573 remain
1250 2544 1283 2573 to
1305 2542 1382 2583 sing
1405 2544 1542 2576 Matius*

83 2610 133 2643 Cf.
152 2619 207 2649 pp.
225 2608 298 2644 229,
314 2606 387 2637 449.

145 2662 159 2679 ²
183 2659 233 2691 Cf.
252 2668 282 2699 p.
301 2659 351 2688 50:
