1747 3121
181 193 265 234 502
813 198 1043 231 APPENDIX.

186 314 321 352 omnia
359 324 487 362 usque
526 311 570 347 in
608 320 727 345 mane
763 304 1070 356 protrahuntur.
1142 301 1270 338 Missa.
1307 303 1445 337 autem
1481 311 1584 349 quae
1620 297 1670 334 fit

186 376 357 413 sabbato
377 374 428 411 ad
457 373 677 416 Anastase,
699 372 796 406 ante
815 368 939 405 solem
966 366 1026 412 fit,
1049 364 1123 402 hoc
1142 367 1205 401 est
1235 362 1397 408 oblatio,
1419 365 1468 398 ut
1496 374 1544 398 ea
1571 359 1671 397 hora

184 449 264 486 qua
282 438 428 487 incipit
450 438 507 475 sol
534 436 759 486 procedere,
780 435 863 484 jam
891 434 1014 470 missa
1026 431 1051 456 ‘i'
1070 432 1115 469 in
1134 431 1340 468 Anastase
1359 429 1471 466 facta
1490 429 1556 466 sit.
1615 426 1679 466 Sic

185 512 280 549 ergo
306 499 490 548 singulae
520 499 768 547 septimanae
797 497 1054 534 celebrantur
1083 492 1501 542 Quadragesimarum.
1562 489 1679 534 Quod

184 570 320 602 autem
360 565 454 611 dixi,
491 565 691 601 maturius
729 563 777 600 fit
815 562 936 599 missa
1008 558 1189 605 sabbato,
1230 557 1273 595 id
1310 560 1372 594 est
1411 559 1507 593 ante
1544 554 1676 599 solem,

189 632 401 679 propterea
431 626 479 662 fit
512 629 560 662 ut
589 625 710 662 citius
741 624 954 661 absolvant
987 623 1031 660 hi
1061 636 1158 673 quos
1191 622 1332 660 dicunt
1358 622 1424 659 hic
1453 620 1675 675 [eb]doma-

189 690 332 727 darios.
390 687 432 724 N
435 699 500 723 am
529 686 625 723 talis
656 685 903 723 consuetudo
936 688 998 722 est
1027 684 1096 721 hic
1127 684 1375 733 jejuniorum
1412 683 1457 720 in
1496 682 1676 728 Quadra-

189 752 361 803 gesimis,
385 754 432 787 ut
461 749 505 786 hi
530 762 627 799 quos
659 749 867 799 appellant
898 747 1214 793 ebdomadariOS‚
1246 747 1289 784 id
1320 750 1382 784 est
1414 746 1484 796 qui
1515 746 1675 784 faciunt

189 816 448 865 septimanas,
478 812 677 850 dominica
706 812 783 858 die,
814 812 909 861 quia
947 811 1049 848 hora
1077 810 1222 860 quinta
1250 810 1298 846 fit
1327 810 1457 856 missa,
1489 813 1537 847 ut
1565 823 1676 846 man-

191 878 352 915 ducent.
410 875 466 912 Et
487 874 819 925 quemadmodum
838 872 1124 923 prandiderint
1144 872 1344 910 dominica
1373 871 1449 918 die,
1479 872 1564 923 jam
1592 885 1676 910 non

190 941 448 986 manducant,
467 939 546 976 nisi
560 939 729 976 sabbato
748 950 876 984 mane,
892 950 987 974 mox
1000 935 1384 974 communicaverint
1403 935 1447 971 in
1459 934 1672 973 Anastase.

191 1005 363 1054 Propter
392 1004 498 1053 ipsos
528 1015 634 1052 ergo,
667 1005 714 1039 ut
748 1001 868 1038 citius
904 1000 1131 1046 absolvant,
1163 1002 1259 1036 ante
1290 998 1372 1035 sole
1402 997 1450 1034 fit
1480 998 1602 1035 missa
1631 998 1676 1034 in

190 1068 395 1105 Anastase
428 1064 611 1102 sabbato.
671 1063 787 1108 Quod
827 1067 965 1100 autem
1004 1061 1101 1108 dixi,
1136 1064 1301 1110 propter
1338 1059 1428 1097 illos
1466 1059 1515 1096 fit
1552 1060 1676 1096 missa

189 1142 320 1176 mane,
341 1141 424 1166 non
451 1127 557 1177 quod
587 1127 648 1164 issi
677 1126 751 1164 soli
780 1126 1087 1170 communicent,
1108 1124 1177 1161 sed
1206 1136 1342 1161 omnes
1371 1123 1670 1161 communicant

189 1192 259 1241 qui
279 1190 424 1228 volunt
443 1189 582 1226 eadem
602 1188 666 1226 die
685 1188 729 1224 in
749 1188 956 1225 Anastase
975 1186 1278 1225 communicare.

799 1398 832 1434 5.
870 1395 948 1433 The
977 1395 1084 1432 Fast.

272 1526 302 1564 J
304 1526 529 1575 ejuniorum
553 1523 659 1560 enim
686 1521 934 1559 consuetudo
959 1520 1024 1557 hic
1050 1520 1146 1557 talis
1173 1525 1236 1557 est
1265 1520 1310 1556 in
1336 1518 1674 1569 Quadragesimis‚

192 1594 240 1628 ut
268 1590 348 1635 alii,
371 1586 704 1638 quemadmodum
732 1584 1068 1621 manducaverint
1097 1583 1296 1620 dominica
1325 1582 1389 1620 die
1417 1587 1508 1632 post
1535 1583 1668 1629 missa,

191 1653 233 1690 id
264 1655 326 1689 est
364 1651 462 1688 hora
499 1650 644 1699 quinta
681 1651 754 1684 aut
792 1650 919 1692 sexta,
954 1646 1039 1695 jam
1077 1658 1160 1682 non
1193 1643 1442 1681 manducent
1478 1656 1550 1693 per
1586 1647 1676 1681 tota

192 1715 429 1764 septimana,
462 1712 542 1749 nisi
572 1711 743 1748 sabbato
775 1710 965 1746 veniente
1000 1712 1091 1757 post
1124 1708 1246 1744 missa
1279 1706 1504 1753 Anastasis,
1533 1706 1577 1743 hi
1607 1707 1677 1756 qui

191 1777 350 1814 faciunt
371 1774 624 1813 ebdomadas.
684 1772 865 1809 Sabbato
884 1774 1032 1816 autem,
1065 1770 1170 1820 quod
1189 1769 1525 1806 manducaverint
1543 1782 1673 1816 mane,

191 1840 273 1889 jam
301 1852 374 1876 nec
403 1851 491 1875 sera
528 1835 790 1880 manducant,
821 1834 890 1871 sed
929 1833 981 1870 ad
1010 1833 1130 1869 aliam
1160 1832 1274 1878 diem,
1306 1832 1348 1869 id
1372 1835 1434 1869 est
1460 1831 1671 1877 dominica,

191 1901 394 1952 prandent
422 1904 513 1950 post
542 1900 664 1935 missa
694 1897 883 1935 ecclesiae
911 1895 1011 1933 hora
1041 1895 1183 1944 quinta
1213 1894 1277 1931 vel
1306 1894 1426 1944 plus3
1466 1898 1508 1930 et
1536 1899 1677 1943 postea

191 1965 273 2013 jam
301 1976 384 2001 non
411 1962 656 1999 manducent
685 1960 763 1996 nisi
791 1959 960 1995 sabbato
989 1958 1190 2004 veniente,
1225 1958 1329 1994 sicut
1358 1957 1542 2006 superius
1571 1956 1670 1996 dixi.

194 2025 452 2064 Consuetudo
480 2025 587 2062 enim
616 2022 681 2059 hic
711 2021 806 2058 talis
835 2024 896 2057 est
910 2034 921 2068 3
951 2032 1102 2064 omnes,
1125 2019 1194 2069 qui
1222 2022 1330 2065 sunt,
1350 2023 1398 2056 ut
1425 2017 1490 2055 hic
1519 2018 1672 2064 dicunt,

191 2089 470 2138 Aputactitae‚
482 2088 560 2124 viri
572 2087 636 2124 vel
651 2087 839 2132 feminae,
854 2098 935 2123 non
948 2085 1076 2122 solum
1093 2084 1233 2121 diebus
1250 2083 1670 2133 Quadragesimarum‚

190 2152 260 2190 sed
280 2156 322 2189 et
350 2155 438 2188 toto
466 2163 583 2196 anno,
605 2163 686 2199 qua
714 2149 974 2194 manducant,
997 2146 1118 2184 semel
1146 2147 1190 2183 in
1219 2146 1284 2183 die
1311 2146 1572 2184 manducant.
1631 2146 1674 2184 Si

188 2218 256 2267 qui
284 2220 423 2253 autem
456 2218 553 2251 sunt
587 2213 636 2250 de
673 2213 769 2262 ipsis
812 2212 1088 2261 Aputactites,
1126 2212 1195 2261 qui
1225 2224 1307 2248 non
1339 2215 1508 2261 possunt
1538 2211 1671 2249 facere

187 2279 366 2328 integras
386 2277 630 2327 septimanas
658 2274 912 2325 jejuniorum,
934 2275 1038 2311 sicut
1069 2274 1250 2323 superius
1280 2274 1466 2321 diximus,
1496 2275 1540 2311 in
1569 2275 1669 2312 totis

189 2339 526 2388 Quadragesimis,
547 2338 591 2374 in
609 2337 740 2374 medio
760 2337 904 2386 quinta
923 2335 1026 2373 feria
1046 2339 1194 2372 cenant
1208 2349 1219 2383 3
1248 2336 1318 2386 qui
1337 2340 1473 2373 autem
1493 2348 1566 2373 nec
1591 2336 1669 2374 hoo

187 2405 333 2450 potest,
352 2401 551 2437 biduanas
579 2399 679 2436 facit
707 2411 778 2448 per
807 2401 917 2435 totas
939 2396 1299 2446 Quadragesimas3
1329 2397 1399 2447 qui
1427 2401 1564 2434 autem
1592 2410 1666 2435 nec

188 2462 315 2512 ipsud,
356 2462 405 2499 de
451 2474 540 2498 sera
576 2460 627 2497 ad
670 2472 799 2497 seram
846 2459 1108 2496 manducant.
1184 2458 1315 2496 Nemo
1361 2462 1499 2495 autem
1536 2459 1665 2508 exigit

188 2528 384 2575 quantum
413 2524 558 2561 debeat
585 2522 727 2567 facere,
750 2521 819 2558 sed.
848 2522 1122 2571 unusquisque
1141 2525 1189 2558 ut
1208 2524 1343 2571 potest
1371 2520 1412 2558 id
1431 2520 1534 2557 facit
1551 2534 1562 2568 3
1590 2533 1664 2558 nec

188 2585 256 2623 ille
288 2585 477 2622 laudatur
512 2584 580 2634 qui
613 2583 712 2620 satis
745 2582 900 2629 fecerit,
935 2595 1009 2620 nec
1035 2583 1104 2620 ille
1128 2583 1385 2632 vituperatur
1417 2583 1485 2632 qui
1518 2583 1663 2621 minus.

625 2673 671 2720 (i)
694 2676 769 2719 jam
787 2674 911 2720 missa]
929 2673 974 2708 ad
990 2674 1134 2708 missam
1151 2674 1224 2710 cod.
