1747 3121
356 189 626 220 CEREMONIES
658 190 710 220 or
740 190 973 221 CHRISTIAN
1004 189 1258 220 INITIATION.
1461 182 1542 222 311

77 297 98 314 “
119 293 269 334 Easter
299 292 522 348 baptism‚’'
544 295 617 336 the
648 302 760 337 most
789 295 1005 350 imposing
1035 296 1081 337 of
1117 295 1177 337 all
1209 296 1283 337 the
1322 297 1543 350 pontifical

75 362 342 404 ceremonies.
403 361 473 404 He
494 365 668 405 entered
692 369 735 406 at
756 365 830 406 the
858 364 967 405 head
998 364 1044 405 of
1071 378 1096 405 a
1125 363 1371 418 procession
1402 364 1544 405 before

75 431 214 473 which
247 435 332 472 two
364 436 481 485 great
513 437 654 486 tapers
689 446 799 474 were
830 434 972 483 borne,
995 433 1068 474 the
1101 433 1253 487 litany,
1274 433 1542 483 meanwhile,

74 501 202 555 being
231 514 350 555 sung.
410 501 553 542 When
584 502 670 543 this
691 515 777 543 was
810 503 957 552 ended,
991 503 1063 544 the
1095 503 1221 557 Pope,
1255 503 1456 557 standing
1486 503 1544 556 by

74 569 147 610 the
177 569 281 620 font,
304 569 472 611 saluted
497 570 569 611 the
592 571 889 624 congregation
920 571 1003 612 and
1035 572 1173 613 called
1202 584 1319 625 upon
1350 571 1469 612 them
1499 574 1543 611 to

71 638 163 692 join
182 638 228 678 in
245 638 317 679 the
338 637 532 680 collective
562 653 724 693 prayer,
747 639 888 680 which
909 653 995 680 was
1026 640 1324 694 immediately
1344 638 1543 680 followed

74 707 132 760 by
153 720 178 746 a
197 720 350 760 prayer
370 707 417 747 of
444 707 686 747 eucharistie
708 707 935 749 character.
997 707 1088 749 The
1118 708 1341 762 following
1372 721 1441 749 are
1471 708 1544 748 the

74 775 341 816 formularies
374 775 421 816 of
458 775 531 816 the
567 776 738 817 ancient
772 776 1140 828 Sacramentaries,
1174 777 1315 818 which
1351 791 1419 819 are
1452 777 1544 818 still

76 859 122 885 1n
144 858 219 886 use
238 860 306 886 :--

146 984 387 1030 Omnipotens,
406 984 627 1030 sempiterne,
646 985 752 1030 Deus,
771 985 893 1020 adesto
919 997 1068 1031 magnae
1093 986 1234 1031 pietatis
1253 990 1334 1021 tuae
1357 987 1543 1032 mysteriis,

75 1041 196 1075 adesto
238 1041 490 1085 sacramentis,
533 1044 570 1075 et
609 1041 654 1075 ad
695 1042 864 1076 creandos
896 1053 1007 1077 novos
1048 1042 1194 1088 populos
1235 1053 1323 1087 quos
1365 1042 1426 1076 tibi
1468 1042 1545 1077 fons

74 1095 293 1142 baptismatis
333 1096 482 1142 parturit
518 1095 677 1141 spiritum
716 1097 911 1142 adoptionis
945 1097 1086 1142 emitte3
1130 1101 1165 1132 et
1198 1098 1294 1144 quod
1333 1097 1544 1133 humilitatis

77 1156 217 1187 nostrae
235 1152 426 1197 gerendum
445 1155 498 1186 est
515 1152 707 1187 ministerio
725 1156 806 1187 tuae
824 1153 963 1187 virtutis
981 1153 1198 1199 compleatur
1215 1154 1353 1189 effectu.

144 1209 238 1243 Vere
256 1207 401 1252 dignum
426 1235 433 1242 .
460 1234 469 1243 .
496 1235 504 1243 .
530 1211 671 1242 aeterne
686 1208 791 1250 Deus,
812 1208 871 1253 qui
896 1208 1061 1243 invisibili
1086 1208 1244 1254 potentia
1260 1212 1322 1243 tua
1340 1220 1540 1243 sacramen-

75 1267 190 1298 torum
206 1266 348 1297 tuorum
365 1262 570 1297 mirabiliter
588 1263 740 1308 operaris
757 1265 935 1298 effectum.
987 1264 1034 1298 Et
1058 1264 1140 1299 licet
1165 1275 1228 1298 nos
1246 1264 1352 1298 tantis
1369 1265 1545 1309 mysteriis

75 1316 291 1363 exequendis
309 1316 418 1352 simus
443 1317 585 1362 indigni,
604 1322 643 1351 tu
667 1322 788 1352 tamen
805 1319 937 1363 gratiae
960 1322 1041 1352 tuae
1061 1318 1151 1353 dona
1169 1330 1240 1353 non
1258 1319 1421 1354 deserens
1439 1320 1544 1354 etiam

75 1374 121 1409 ad
138 1377 272 1408 nostras
294 1384 416 1419 preces
434 1385 535 1408 aures
559 1377 642 1408 tuae
667 1374 807 1419 pietatis
832 1374 971 1409 inclina.
1021 1375 1126 1419 Deus,
1147 1376 1243 1421 cujus
1270 1375 1410 1421 spiritus
1436 1387 1540 1422 super

75 1442 182 1476 aquas
199 1430 289 1464 inter
305 1428 380 1475 ipsa
397 1428 517 1463 mundi
542 1429 729 1474 primordia
747 1429 934 1473 ferebatur,
953 1434 993 1464 ut
1007 1430 1082 1475 jam
1101 1434 1186 1465 tunc
1205 1431 1373 1465 virtutem
1391 1432 1544 1467 sanctifi-

75 1484 222 1520 cationis
246 1495 413 1530 aquarum
440 1486 564 1517 natura
590 1483 807 1529 conciperet;
841 1484 947 1528 Deus,
975 1484 1036 1530 qui
1066 1485 1226 1518 nocentis
1252 1485 1375 1519 mundi
1400 1485 1545 1520 crimina

73 1552 137 1586 per
153 1550 262 1585 aquas
279 1538 424 1573 abluens
439 1538 713 1583 regenerationis
732 1538 888 1584 speciem
906 1539 941 1573 in
966 1539 1041 1585 ipsa
1060 1539 1181 1573 diluvii
1199 1540 1369 1575 effusione
1388 1541 1543 1586 signasti,

74 1599 113 1630 ut
145 1594 247 1628 unius
274 1593 501 1639 ejusdemque
530 1592 694 1627 elementi
726 1594 938 1638 mysterium
972 1598 1007 1628 et
1036 1594 1114 1629 finis
1141 1599 1234 1629 esset
1260 1595 1353 1630 vitiis
1384 1599 1419 1630 et
1449 1596 1544 1641 origo

73 1650 235 1693 virtutis;
268 1649 409 1694 respice,
436 1648 599 1692 Domine,
627 1648 663 1683 in
688 1648 816 1684 faciem
846 1649 1026 1684 Ecclesiae
1052 1654 1134 1684 tuae
1160 1655 1196 1684 et
1222 1651 1416 1697 multiplica
1441 1652 1477 1686 in
1503 1664 1545 1687 ea

73 1706 317 1753 generationes
342 1710 431 1750 tuas,
456 1706 516 1751 qui
541 1706 674 1751 gratiae
700 1710 785 1740 tuae
811 1705 984 1740 effluentis
1008 1706 1144 1751 impetu
1169 1706 1338 1742 laetificas
1364 1708 1545 1743 civitatem

73 1768 172 1799 tuam
184 1763 388 1808 fontemque
406 1762 627 1807 baptismatis
645 1762 758 1808 aperis
776 1766 851 1796 toto
864 1762 946 1798 orbe
958 1766 1132 1796 terrarum
1150 1763 1312 1807 gentibus
1324 1763 1542 1810 innovandis,

73 1824 115 1854 ut
130 1822 212 1853 tuae
229 1817 422 1862 majestatis
446 1817 591 1862 imperio
606 1821 720 1852 sumat
746 1817 933 1862 Unigeniti
957 1818 1008 1852 tui
1032 1818 1180 1862 gratiam
1198 1818 1241 1852 de
1261 1818 1394 1865 Spiritu
1411 1824 1544 1864 sancto,

75 1875 136 1921 qui
154 1874 245 1908 hanc
261 1884 390 1918 aquam
406 1872 654 1917 regenerandis
675 1872 874 1907 hominibus
900 1876 1144 1918 praeparatam
1170 1884 1298 1907 arcana
1322 1873 1376 1907 sui
1401 1873 1544 1909 luminis

75 1929 293 1966 admixtione
318 1927 508 1971 fecundet;
541 1932 582 1962 ut
615 1928 890 1963 sanctificatione
919 1931 1089 1974 concepta
1115 1928 1158 1962 ab
1184 1928 1409 1964 immaculato
1435 1929 1545 1966 divini

75 1984 180 2021 fontis
196 1988 294 2018 utero
320 1983 355 2016 in
380 1994 511 2017 novam
535 1987 658 2017 renata
685 1987 880 2017 creaturam
904 1983 1089 2028 progenies
1116 1983 1277 2018 caelestis
1303 1988 1483 2030 emergat3
1509 1990 1546 2021 et

75 2054 163 2089 quos
188 2045 249 2076 aut
272 2052 375 2075 sexus
399 2041 435 2074 in
452 2051 594 2085 corpore
612 2045 673 2075 aut
697 2044 794 2075 aetas
813 2041 980 2075 discernit
1006 2042 1042 2074 in
1060 2045 1217 2087 tempore
1235 2053 1357 2076 omnes
1381 2042 1418 2076 in
1434 2055 1542 2079 unam

74 2100 188 2146 pariat
215 2098 326 2143 gratia
348 2101 462 2131 mater
488 2097 686 2132 infantiam.
750 2097 877 2132 Procul
907 2109 988 2143 ergo
1018 2098 1110 2141 hinc,
1135 2097 1282 2143 jubente
1307 2103 1352 2143 te,
1379 2099 1542 2142 Domine,

76 2159 188 2195 omnis
205 2157 346 2204 spiritus
363 2156 564 2190 immundus
582 2156 768 2200 abscedat,
795 2156 918 2201 procul
934 2159 1009 2191 tota
1025 2155 1182 2201 nequitia
1197 2155 1390 2191 diabolicae
1408 2156 1541 2193 fraudis

75 2215 230 2250 absistat.
279 2211 376 2247 Nihil
402 2211 458 2245 hic
488 2210 556 2245 loci
580 2210 710 2245 habeat
735 2212 929 2246 contrariae
955 2211 1097 2247 virtutis
1122 2210 1329 2255 ammixti03
1364 2223 1436 2246 non
1460 2212 1542 2247 insi-

77 2269 205 2305 diando
223 2266 465 2308 circumvolet,
483 2277 553 2301 non
579 2265 720 2301 latendo
739 2267 918 2312 subripiat,
935 2278 1008 2301 non
1025 2265 1211 2300 inficiendo
1229 2271 1440 2312 corrumpat.
1491 2267 1545 2303 Sit

75 2326 164 2360 haec
182 2327 303 2359 sancta
321 2326 355 2357 et
379 2322 547 2356 innocens
565 2325 725 2356 creatura
750 2321 859 2356 libera
877 2321 921 2356 ab
940 2321 1036 2356 omni
1060 2321 1314 2366 impugnatoris
1338 2321 1488 2367 incursu,
1508 2327 1544 2358 et

75 2381 183 2417 totius
198 2378 376 2424 nequitiae
398 2380 546 2423 purgata
571 2376 737 2412 discessu.
790 2377 843 2412 Sit
860 2377 938 2411 fons
955 2377 1057 2411 vivus
1075 2387 1188 2422 aquae
1206 2388 1428 2421 regenerans,
1446 2378 1543 2413 unda

76 2435 272 2482 purificans,
304 2437 345 2468 ut
377 2443 498 2468 omnes
530 2431 598 2466 hoc
639 2431 779 2467 lavacro
815 2431 994 2467 salutifero
1023 2430 1188 2476 diluendi,
1224 2435 1391 2477 operante
1424 2431 1461 2467 in
1494 2433 1543 2468 eis

78 2491 208 2538 Spiritu
233 2492 352 2524 sancto
379 2487 536 2534 perfecti,
565 2487 781 2533 purgationis
814 2486 1069 2531 indulgentiam
1100 2490 1372 2532 consequantur.
1432 2487 1538 2523 Unde

77 2546 247 2582 benedico
271 2548 317 2588 te,
333 2548 493 2578 creatura
518 2554 640 2588 aquae,
666 2553 729 2588 per
753 2542 867 2576 Deum
895 2542 1027 2584 vivum,
1053 2552 1116 2587 per
1140 2541 1256 2575 Deum
1281 2545 1453 2585 sanctum,
1477 2554 1541 2588 per

77 2602 192 2637 Deum
209 2599 268 2643 qui
285 2602 320 2633 te
334 2598 370 2632 in
387 2597 557 2644 principio
574 2596 682 2632 verbo
701 2596 876 2642 separavit
892 2596 936 2631 ab
955 2595 1052 2630 arida
1065 2598 1099 2630 et
1115 2595 1151 2630 in
1169 2599 1322 2642 quatuor
1338 2596 1543 2631 fluminibus

79 2661 188 2694 totam
204 2659 333 2690 terram
351 2655 461 2700 rigare
484 2653 673 2699 praecepit,
693 2653 753 2698 qui
775 2656 811 2687 te
836 2652 873 2686 in
891 2651 1028 2686 deserto
1052 2662 1208 2685 amaram
1230 2652 1404 2687 suavitate
1428 2651 1542 2686 indita
