1747 3121
176 164 261 204 440
326 173 566 205 CHRISTIAN
595 172 822 204 WORSHIP:
855 171 923 202 ITS
954 171 1109 201 ORIGIN
1139 170 1230 200 AND
1261 168 1520 200 EVOLUTION.

175 278 337 314 facienda
367 283 420 314 est
451 282 491 313 ut
518 283 687 324 purgetur
712 282 748 312 et
780 276 915 311 curatio
936 275 984 322 (Ρ)
1026 276 1223 312 vetustatis.
1290 274 1458 316 Quamvis
1500 272 1596 309 enim
1631 284 1654 308 a

175 335 305 371 divitiis
332 335 498 370 bonitatis
528 338 564 369 et
593 333 734 379 pietatis
762 333 829 368 Dei
858 332 945 366 nihil
979 331 1148 377 temporis
1179 334 1296 374 vacet,
1330 341 1423 365 nunc
1462 334 1585 365 tamen
1615 333 1652 364 et

173 391 302 437 largior
344 395 396 427 est
436 402 498 436 per
534 388 792 434 indulgentiam
829 387 988 423 remissio
1029 391 1256 433 peccatorum
1293 389 1331 421 et
1371 385 1547 431 copiosior
1589 396 1653 431 per

173 448 321 494 gratiam
362 446 562 493 adsumptio
600 445 873 480 renascentium.
939 445 1122 489 Augemur
1161 442 1420 489 regenerandis,
1459 442 1650 477 crescimus

174 503 342 547 reversis3
381 502 502 537 lavant
536 512 662 547 aquae,
695 500 818 536 lavant
850 497 1048 545 lacrymae3
1090 499 1172 534 inde
1205 498 1375 544 gaudium
1411 497 1455 532 de
1489 497 1654 543 adsump-

175 559 270 594 tione
298 562 514 601 vocatorum,
547 556 629 592 hinc
663 555 797 591 laetitia
826 556 870 591 de
900 555 1118 591 absolutione
1151 554 1422 601 paenitentium.
1486 553 1574 588 Inde
1603 558 1656 588 est

175 615 267 660 quod
293 613 442 660 supplex
472 616 565 654 tuus,
595 615 717 658 postea
757 623 865 658 quam
899 611 935 646 in
962 611 1079 646 varias
1107 610 1239 645 formas
1265 609 1453 644 criminum
1490 608 1654 654 neglectu

174 670 418 705 mandatorum
461 667 663 703 caelestium
697 671 733 703 et
761 679 901 702 morum
935 666 1171 713 probabilium
1201 665 1476 710 transgressione
1512 665 1652 709 cecidit,

173 726 376 760 humiliatus
409 728 516 770 atque
546 727 741 770 prostratus
766 723 973 769 prophetica
1006 723 1051 758 ad
1077 723 1194 757 Deum
1221 732 1309 756 voce
1340 720 1479 765 clamat,
1512 720 1653 758 dicens:

174 783 331 825 Peccavi,
360 783 473 827 impie
506 782 570 826 (392⁴,
601 782 834 826 iniquitatem
858 781 945 825 feci,
980 781 1143 815 ‘miserere
1176 780 1245 813 mei
1278 778 1441 820 Domine,
1477 777 1654 822 evangeli-

174 849 252 872 cam
278 848 404 872 vocem
430 847 503 870 non
532 835 754 870 frustratoria
785 846 868 870 aure
897 834 1062 881 capiens:
1091 835 1201 869 Beati
1229 835 1294 880 qui
1323 834 1453 879 heyam,
1480 835 1653 879 quoniam

174 895 246 938 ipsi
280 892 565 927 consolabuntur.
636 890 875 935 Manducavit,
907 890 999 925 sicut
1037 889 1207 936 scriptun]
1241 893 1305 932 est,
1335 900 1465 935 panem
1499 887 1649 933 doloris;

173 947 338 992 lacrymis
372 950 520 981 stratum
546 945 695 991 rigavit,
733 957 793 980 cor
826 957 928 980 suum
958 945 1065 990 luctu,
1098 956 1223 990 corpus
1257 943 1393 979 adflixit
1422 943 1574 990 jejuniis,
1609 948 1651 979 ut

172 1002 311 1036 animae
345 1013 428 1036 suae
462 1001 635 1046 reciperet
676 1012 783 1046 quam
825 999 1027 1045 perdiderat
1068 999 1269 1034 sanitatem.
1342 999 1497 1034 Unicum
1531 999 1648 1044 itaque

173 1061 226 1092 est
258 1056 501 1102 paenitentiae
536 1055 750 1100 suffragium,
782 1055 876 1102 quod
909 1060 946 1090 et
979 1054 1123 1100 singulis
1157 1054 1301 1100 prodest
1342 1058 1378 1089 et
1411 1054 1573 1089 omnibus
1613 1055 1649 1091 in

173 1123 359 1149 commune
393 1111 574 1146 succurrit.
641 1111 710 1146 Hic
745 1123 826 1156 ergo
861 1111 946 1146 (lum
979 1111 1025 1146 ad
1057 1110 1293 1156 paenitudinis
1334 1110 1512 1145 actionem
1541 1110 1650 1145 tantis

173 1168 349 1203 excitatur
379 1167 560 1213 exemplis,
600 1167 664 1202 sub
699 1171 891 1213 conspectu
931 1166 1193 1212 ingemiscentis
1227 1166 1406 1211 ecclesiae,
1443 1166 1652 1201 venerabilis

173 1223 347 1267 Pontifex,
374 1227 588 1269 protestatur
618 1227 654 1257 et
681 1223 785 1258 dicit:
814 1224 1031 1269 Iniquitates
1056 1235 1149 1258 meas
1174 1235 1231 1268 eqo
1256 1234 1403 1268 agnosco
1429 1226 1460 1257 et
1484 1222 1652 1258 delictum

172 1292 288 1315 meum
321 1284 445 1314 contra
478 1292 532 1314 me
561 1283 609 1313 est
638 1290 777 1324 semper.
842 1279 968 1314 Averte
991 1279 1130 1322 faciem
1163 1282 1265 1313 tuam
1299 1291 1323 1313 α
1358 1279 1513 1323 peccatis
1553 1280 1649 1322 meis,

173 1336 337 1376 Domine,
366 1339 397 1369 et
422 1346 538 1369 omnes
567 1335 778 1379 iniquitates
813 1345 906 1368 meas
940 1334 1022 1368 dele.
1074 1333 1195 1368 Redde
1224 1334 1316 1368 mihi
1345 1334 1524 1367 laetitiam
1553 1334 1649 1367 salu-

172 1392 262 1426 taris
291 1392 347 1424 tui
380 1394 411 1424 et
437 1391 574 1434 spiritu
598 1390 803 1434 principali
836 1389 1008 1433 confirma
1037 1401 1100 1423 me.
1167 1389 1243 1429 Quo
1276 1388 1325 1423 ita
1360 1387 1582 1434 supplicante
1614 1393 1650 1425 et

171 1445 445 1480 misericordiam
477 1445 543 1479 Dei
577 1444 719 1480 adflicto
751 1444 856 1479 corde
886 1449 1064 1490 poscente,
1093 1443 1290 1489 redintegra
1317 1444 1353 1478 in
1378 1455 1432 1487 eo,
1458 1444 1650 1490 apostolice

171 1500 345 1546 Pontifex,
388 1500 555 1547 quicquid
605 1499 743 1535 diabolo
785 1500 966 1535 scindente
1016 1504 1219 1546 corruptum
1260 1504 1333 1543 est3
1377 1504 1413 1535 et
1450 1500 1650 1535 orationum

170 1566 309 1597 tuarum
352 1559 652 1606 patrocinantibus
695 1559 839 1601 meritis,
878 1570 940 1604 per
980 1558 1119 1593 divinae
1166 1558 1461 1594 reconciliationis
1499 1559 1647 1605 gratiam

170 1618 225 1652 fac
259 1616 438 1651 hominem
478 1616 678 1661 proximum
721 1616 819 1660 Deo,
870 1619 910 1650 ut
938 1615 996 1660 qui
1019 1620 1124 1651 antea
1166 1616 1202 1650 in
1239 1616 1310 1651 suis
1350 1617 1642 1662 perversitatibus

170 1671 388 1719 displicebat,
416 1682 511 1706 nunc
535 1673 610 1717 Jam
637 1671 776 1717 placere
804 1683 840 1706 se
871 1671 1024 1706 Domino
1057 1672 1092 1706 in
1122 1671 1264 1716 regione
1292 1672 1476 1707 vivoruml
1503 1673 1644 1709 devicto

170 1728 291 1763 mortis
310 1739 394 1762 suae
413 1730 559 1762 auctore
576 1726 784 1771 gratuletur.

256 1855 343 1896 The
384 1852 529 1908 Pope2
579 1854 684 1895 then
730 1855 1001 1897 admonishes
1052 1856 1125 1898 the
1166 1857 1374 1911 penitent‚
1416 1857 1554 1899 either
1599 1859 1645 1899 in

168 1938 323 1979 person
353 1937 400 1964 or
430 1923 614 1978 through
644 1937 669 1964 a
699 1924 842 1977 priest,
865 1924 950 1966 and
981 1925 1089 1967 after
1119 1925 1214 1967 that
1244 1926 1396 1968 recites
1424 1940 1449 1968 a
1472 1940 1638 1981 prayer,

167 1994 366 2036 followed
386 1993 444 2047 by
465 1993 643 2034 another
665 1993 710 2034 of
728 1993 996 2036 Eucharistic
1018 1995 1237 2037 character
1249 1994 1324 2026 3—-

238 2118 382 2161 Adesto,
411 2117 571 2162 Domine,
601 2117 915 2164 supplicationibus
941 2120 1069 2155 nostris
1106 2124 1142 2155 et
1174 2132 1241 2166 me,
1267 2121 1327 2167 qui
1356 2122 1463 2157 etiam
1502 2123 1637 2158 miseri-

167 2175 286 2210 cordia
320 2178 382 2208 tua
411 2173 543 2219 primus
576 2173 729 2219 indigeo,
762 2173 952 2210 clementer
982 2175 1131 2220 exaudi3
1162 2180 1201 2211 ut
1227 2188 1331 2222 quem
1360 2189 1431 2213 non
1457 2177 1632 2214 electione

232 2339 241 2357 ¹
266 2338 358 2370 Here
374 2338 434 2370 the
450 2338 713 2379 Sacramentary
728 2337 814 2370 adds
829 2349 913 2377 cum,
930 2338 1044 2371 which
1059 2339 1122 2371 has
1138 2349 1181 2371 no
1197 2349 1303 2372 sense.

229 2390 242 2407 '¹'
266 2389 343 2420 Post
369 2390 426 2421 hoc
450 2390 646 2422 admonetur
669 2389 710 2421 ab
732 2391 879 2432 episcopo
906 2391 971 2422 sive
995 2391 1065 2422 alio
1087 2392 1250 2422 sacerdote
1275 2393 1312 2422 ut
1334 2392 1421 2433 quod
1443 2393 1640 2434 paenitendo

164 2440 269 2472 diluit
297 2441 449 2472 iterando
478 2451 542 2472 non
572 2443 700 2472 revocet.
758 2440 842 2473 Inde
871 2452 944 2473 vero
972 2442 1033 2474 has
1063 2442 1146 2473 dicit
1175 2443 1337 2474 orationes
1366 2444 1512 2475 sacerdos
1542 2455 1640 2486 super

164 2502 245 2524 eum.

230 2543 242 2559 ³
266 2542 351 2573 This
374 2545 452 2583 part
481 2543 519 2574 of
546 2542 606 2574 the
637 2542 824 2584 formulary
847 2543 876 2574 is
903 2543 1010 2574 found
1040 2553 1163 2583 among
1185 2543 1244 2574 the
1267 2544 1500 2584 supplements
1521 2546 1558 2576 of
1577 2545 1637 2577 the

163 2592 356 2633 Gregorian
380 2592 642 2634 Sacramentary
658 2593 739 2633 (No.
755 2594 824 2634 99),
849 2593 908 2625 the
932 2594 1083 2626 variants
1106 2594 1143 2625 of
1167 2593 1279 2625 which
1304 2604 1361 2626 are
1386 2596 1489 2627 noted
1511 2606 1554 2627 on
1576 2596 1636 2627 the

163 2646 246 2676 next
262 2654 360 2684 page.
