1747 3121
178 186 262 228 468
806 196 1037 227 APPENDIX.

177 306 266 330 cum
294 292 527 342 antiphonis
556 297 597 330 et
630 293 915 342 responsoriis;
948 293 1139 331 lectiones
1170 294 1254 331 III.
1278 294 1328 332 de
1355 295 1648 333 lamentacione

178 356 419 403 Hieremiae,
439 355 523 393 III.
537 355 586 393 de
605 359 787 392 tractatu
802 356 932 392 sancti
945 356 1171 405 Augustini
1184 355 1212 380 (ἰ)
1232 355 1282 394 de
1301 357 1452 406 psalmo
1467 357 1648 404 LXIII„

177 424 259 457 tres
279 419 328 457 de
356 418 547 468 apostolo,
568 418 638 455 ubi
667 418 726 454 ait
755 417 807 455 ad
835 418 1043 457 Aebreos:
1073 417 1308 456 Festinemus
1338 432 1425 469 er90
1453 419 1649 469 ingredere

177 481 344 518 inillam
376 481 551 532 requiem.
612 480 667 517 Et
698 493 780 518 non
810 480 909 518 dicit
955 480 1091 518 Gloria
1130 494 1203 518 nec
1236 483 1280 518 in
1310 482 1474 532 psalmis
1504 495 1576 520 nec
1607 483 1650 519 in

175 546 435 596 responsoriis
449 560 458 593 3
488 557 561 581 nec
581 545 706 582 lector
735 545 840 594 petit
867 545 1202 594 benediccionem,
1224 545 1293 583 sed
1322 547 1427 583 sicut
1455 547 1647 596 superius.

176 610 254 648 Sed
274 613 436 646 tantum
455 607 619 645 inchoat
647 607 698 644 ad
727 608 976 645 matutinum
1005 608 1228 657 antiphona
1256 609 1300 645 in
1326 609 1454 658 primo
1482 609 1645 659 psalmo,

175 677 268 710 tuta
310 671 496 720 lampada
534 670 583 707 de
621 674 737 719 parte
776 670 931 716 dextra,
967 671 1011 707 in
1048 671 1222 708 secundo
1259 671 1412 720 psalmo
1447 670 1496 708 de
1532 675 1649 721 parte

176 735 368 781 sinistra3
398 732 585 768 similiter
613 744 684 781 per
712 744 848 768 omnes
882 731 1055 781 psalmos
1082 744 1210 780 usque
1240 731 1317 769 VI.
1339 736 1411 769 aut
1434 732 1546 779 VII.‚
1577 737 1650 770 aut

174 798 219 834 in
265 796 384 833 finem
430 794 642 844 evangelii,
690 798 919 831 reservetur
969 794 1161 831 absconsa
1207 807 1334 844 usque
1377 795 1421 831 in
1473 794 1651 833 Sabbato

175 862 326 896 sancto.

258 921 353 971 Ipsa
383 924 520 957 autem
544 919 618 965 die,
641 918 741 956 hora
761 918 830 965 V„
849 918 1028 969 procedit
1058 918 1110 956 ad
1139 919 1346 956 ecclesiam
1374 919 1503 957 omnis
1522 920 1651 958 clerus

176 988 217 1021 et
244 983 472 1034 ingreditur
501 981 805 1019 archidiaconus
835 995 925 1019 cum
954 981 1044 1018 aliis
1073 980 1308 1019 diaconibus
1336 981 1380 1018 in
1408 982 1582 1020 sacrario
1609 986 1651 1020 et

174 1045 354 1083 induunt
383 1057 425 1082 se
451 1044 636 1094 planetas
664 1043 806 1089 fuscas,
839 1048 881 1080 et
914 1043 1180 1092 egrediuntur
1210 1042 1260 1080 de
1293 1044 1480 1090 sacrario,
1501 1047 1543 1080 et
1570 1043 1650 1082 duo

176 1111 399 1146 cereostata
444 1110 541 1143 ante
586 1106 718 1155 ipsum
756 1119 845 1143 cum
884 1106 1006 1142 cereis
1044 1105 1231 1151 accensis,
1270 1109 1311 1142 et
1349 1106 1518 1143 veniunt
1555 1111 1652 1144 ante

175 1172 340 1209 altarae.
409 1169 654 1207 Osculantur
700 1168 830 1206 altare
877 1172 917 1205 et
964 1167 1123 1204 vadunt
1170 1167 1221 1204 ad
1268 1168 1401 1205 sedem
1447 1168 1651 1218 pontificis

176 1233 394 1272 secundum
433 1231 775 1270 consuetudinem.
849 1230 1009 1268 Deinde
1039 1231 1184 1267 annuit
1218 1229 1523 1268 archidiaconus
1556 1232 1648 1268 sub-

176 1297 343 1335 diacono
361 1300 410 1333 ut
429 1295 588 1344 legatur
608 1294 729 1331 leccio
749 1294 888 1343 prima.
950 1293 1140 1343 Sequitur
1170 1294 1466 1343 responsorium
1486 1293 1648 1332 Domine

177 1359 336 1405 audivi;
384 1357 529 1395 deinde
576 1357 655 1394 alia
701 1357 834 1403 leccio,
874 1361 917 1394 et
955 1357 1136 1406 sequitur
1175 1361 1330 1394 tractus
1371 1357 1447 1402 Qui
1493 1356 1649 1395 habitat.

178 1421 337 1460 Deinde
357 1421 506 1470 legitur
525 1420 655 1469 passio
676 1419 840 1457 Domini
859 1419 1076 1456 secundum
1093 1418 1121 1455 J
1124 1419 1334 1457 ohannem.
1384 1419 1472 1457 Hoc
1492 1419 1651 1469 expleto

177 1485 314 1535 psallit
335 1482 518 1521 sacerdos
538 1482 587 1519 de
607 1486 722 1531 parte
742 1482 907 1518 sinistra
926 1482 1156 1531 presbiterii
1170 1481 1206 1505 (ἦ)
1227 1482 1269 1518 in
1288 1486 1445 1531 partem
1466 1482 1651 1520 dextram

176 1548 317 1585 altaris
354 1546 462 1583 infra
495 1545 687 1582 thronum
720 1549 762 1582 et
801 1544 900 1582 dicit
937 1545 1141 1582 oraciones
1171 1544 1420 1594 sollempnes.
1496 1543 1652 1582 Deinde

178 1616 439 1651 revertuntur
475 1611 689 1661 presbiteri
726 1623 795 1660 per
833 1609 955 1647 titula
993 1622 1077 1655 sua,
1116 1613 1158 1646 et
1194 1609 1292 1646 hora
1330 1623 1436 1647 nona
1473 1614 1556 1647 tam
1603 1609 1652 1647 de

178 1675 416 1714 lectionibus
454 1687 573 1723 quam
610 1673 870 1722 responsoriis
897 1672 961 1709 vel
991 1672 1243 1721 evangelium
1277 1685 1346 1709 seu
1378 1676 1419 1709 et
1450 1673 1652 1709 oraciones

179 1739 389 1777 sollemnes
425 1737 584 1773 faciunt
631 1736 828 1782 similiter,
877 1739 917 1772 et
965 1734 1138 1771 adorant
1177 1739 1357 1771 sanctam
1406 1747 1563 1771 crucem
1609 1738 1651 1771 et

179 1801 526 1839 communicantur
546 1811 695 1836 omnes·

876 2057 953 2097 IV.

417 2187 518 2226 Ordo
548 2187 711 2238 qualiter
741 2188 780 2224 in
808 2185 974 2224 Sammo
1003 2190 1129 2222 sancto
1160 2183 1343 2232 aqewdam
1374 2189 1438 2221 est.

268 2316 405 2353 Media
426 2319 542 2353 nocte
562 2313 804 2363 surgendum
831 2318 903 2358 est,
927 2317 967 2349 et
997 2313 1101 2348 sicut
1130 2311 1307 2360 superius
1337 2310 1565 2345 taxavimus
1594 2310 1653 2344 ita

184 2380 268 2425 fiat,
290 2383 457 2427 excepto
477 2378 520 2413 in
540 2376 815 2421 luminaribus,
839 2375 906 2411 sed
926 2378 1087 2410 tantum
1109 2386 1189 2409 una
1210 2371 1394 2420 lampada
1413 2370 1656 2407 accendatur

187 2444 349 2490 propter
370 2438 592 2487 legendum.

808 2595 846 2640 (i)
876 2595 938 2628 [ΙΙ.
957 2594 999 2628 (le
1017 2605 1068 2639 ps.

800 2651 851 2696 (ii)
878 2650 1058 2697 presbiter.
