1747 3121
162 221 248 280 478
788 237 1018 270 APPENDIX.

852 481 981 521 VIII.

354 616 497 667 Incipit
525 615 578 653 ad
606 614 790 665 reliquias
817 612 1004 650 levandas
1032 611 1108 649 sive
1137 611 1375 649 deducendas
1403 625 1468 650 seu

793 675 1022 714 condendas.

254 827 424 865 Intrant
452 826 636 861 cantores
667 820 931 870 antiphonam
958 819 1057 857 Ecce
1079 819 1244 869 populus
1275 819 1524 858 custodiensffl
1547 821 1653 872 judi-

175 889 269 926 cium
282 902 299 934 ,·
327 887 503 937 psalmus
533 884 802 922 Fundamenta
833 884 924 933 ejus.
995 882 1108 919 Dicit
1142 881 1288 929 Gloria,
1325 882 1470 921 deinde
1505 885 1654 934 repetit

173 951 280 990 Sicut
300 954 393 996 erat,
416 961 556 986 versus
575 946 682 985 Sicat
702 945 928 983 laetantium
948 944 1108 981 omnium
1129 950 1306 983 nostrum.
1363 945 1501 983 Finita
1520 950 1653 985 autem

174 1015 407 1066 antiphona,
429 1014 539 1052 levat
566 1014 773 1063 episcopus
795 1012 839 1048 in
864 1010 1030 1048 brachia
1050 1022 1122 1046 sua
1150 1008 1277 1048 linteo
1305 1009 1477 1060 desuper
1504 1016 1655 1062 patena

176 1083 218 1117 et
237 1079 369 1115 mittit
387 1078 446 1114 ibi
465 1076 654 1126 reliquias
675 1079 717 1112 et
736 1073 907 1123 desuper
922 1078 1129 1123 coopertas
1141 1074 1344 1123 olosyrico,
1361 1079 1403 1111 et
1422 1078 1656 1113 sustentant

176 1142 257 1179 duo
295 1140 454 1178 diaconi
490 1138 656 1176 brachia
693 1137 877 1186 episcopi,
917 1140 959 1173 et
996 1140 1095 1173 tunc
1124 1137 1196 1174 dat
1224 1137 1393 1185 primam
1422 1138 1655 1175 orationem.

177 1204 233 1242 Et»
261 1207 353 1254 post
381 1202 622 1252 completam
650 1200 884 1245 orationem,
915 1199 1143 1236 accendunt
1172 1211 1303 1236 cereos
1332 1203 1374 1235 et
1393 1199 1658 1249 egrediuntur

177 1280 266 1305 cum
280 1268 378 1316 ipsis
392 1269 434 1303 et
447 1263 639 1301 turabula
652 1275 742 1299 cum
754 1261 988 1311 thymiama,
1003 1265 1045 1298 et
1061 1265 1202 1298 cantor
1217 1261 1382 1298 inchoat
1395 1261 1658 1312 antiphonam

180 1330 272 1370 Cum
282 1328 527 1380 jucunditate
549 1325 707 1364 exibitis.
759 1324 802 1362 Si
821 1328 959 1361 autem
977 1325 1043 1361 via
1062 1324 1280 1374 longinqua
1299 1324 1425 1362 fuerit
1445 1325 1497 1362 ad
1517 1325 1658 1363 ducen-

178 1395 273 1432 dum
294 1393 392 1430 dicit
412 1391 610 1441 psalmum
629 1401 719 1426 cum
739 1387 1013 1436 antiphonam.

261 1456 644 1506 Adpropinquantes
683 1455 819 1487 autem
856 1463 978 1500 prope
1016 1451 1192 1497 ecclesia,
1231 1450 1390 1487 faciunt
1427 1450 1656 1498 laetaniam,

179 1525 221 1559 et
241 1518 493 1558 commendat
513 1517 720 1566 episcopus
740 1514 928 1563 reliquias
958 1513 1009 1550 acl
1029 1514 1273 1563 presbiteros
1303 1513 1411 1551 foras
1425 1512 1462 1538 (fi)
1483 1514 1658 1561 ecclesia,

180 1589 222 1622 et
242 1585 454 1620 remanent
473 1580 530 1616 ibi
551 1591 640 1616 cum
659 1576 783 1614 cereis
803 1580 846 1612 et
864 1576 1057 1622 turibula,
1079 1576 1273 1613 facientes
1294 1576 1525 1616 laetaniam.

262 1647 320 1683 Et
350 1650 448 1682 tunc
479 1642 685 1692 episcopus
717 1640 848 1676 intrat
877 1640 921 1675 in
952 1639 1157 1676 ecclesiam
1188 1639 1307 1685 solus,
1342 1642 1384 1675 et
1414 1639 1516 1676 facit
1547 1652 1662 1677 omne

181 1711 452 1748 instrumento
481 1718 585 1755 aqua
614 1703 850 1748 exorcizata,
882 1703 994 1739 lavat
1023 1702 1153 1739 altare
1181 1715 1270 1739 cum
1300 1703 1470 1751 spungia
1507 1707 1549 1740 et
1582 1715 1664 1740 non

186 1773 362 1809 mittunt
396 1769 580 1807 chrisma.
640 1765 696 1802 Et
728 1765 813 1802 exit
826 1763 871 1787 (fii)
892 1765 1098 1814 episcopus
1128 1764 1236 1801 foras
1270 1768 1312 1800 et
1343 1764 1414 1801 dat
1442 1766 1663 1803 orationem

182 1833 366 1872 secundo.
427 1831 483 1868 Et
516 1834 615 1867 tunc
648 1827 698 1865 de
732 1840 836 1876 aqua
867 1827 1092 1864 exorcizata
1122 1826 1228 1876 quod
1265 1830 1447 1864 remanet
1479 1832 1664 1878 asperget

182 1908 300 1944 super
329 1892 529 1944 populum.
589 1889 645 1925 Et
673 1900 767 1925 mox
795 1888 1030 1936 aperiantur
1057 1888 1205 1936 januae
1234 1887 1431 1933 ecclesiae,
1463 1892 1504 1925 et
1533 1889 1664 1925 intrat·

182 1957 396 1993 universus
426 1951 595 2003 populus
629 1962 720 1987 cum
749 1948 936 1985 laetania.
996 1947 1135 1984 Finita
1172 1948 1360 1994 laetania,
1396 1948 1468 1985 dat
1500 1950 1661 1986 tertiam

184 2019 418 2056 orationem.

265 2080 360 2129 Ipsa
398 2077 574 2127 expleta,
613 2074 777 2111 inchoat
815 2077 956 2110 cantor
993 2073 1258 2122 antiphonam
1294 2072 1480 2110 Sacerdos
1518 2086 1662 2122 maone,

179 2143 356 2194 pontifex
385 2139 517 2178 summi
545 2137 636 2182 Dei,
657 2136 854 2186 inyredere
885 2134 1060 2186 templum
1088 2135 1245 2173 Domini
1264 2140 1300 2172 et
1328 2135 1468 2172 hostias
1479 2136 1666 2185 pacificas

181 2218 252 2255 pro
281 2204 404 2241 salute
432 2200 568 2251 populi
598 2200 732 2248 offeres
762 2198 847 2236 Deo
878 2203 950 2235 tuo.
1008 2197 1086 2235 Hic
1114 2203 1168 2235 est
1197 2197 1298 2234 enim
1318 2197 1398 2234 dies
1418 2197 1667 2235 dedicationis

185 2272 397 2304 sanctoruni
423 2262 579 2302 Domini
608 2261 687 2299 Dei
716 2261 779 2298 tui.
839 2260 1046 2299 Psalmus:
1089 2259 1261 2297 Gaudete
1278 2259 1377 2310 justi
1404 2259 1446 2296 in
1472 2258 1636 2297 Domino
1650 2274 1665 2306 ;

190 2328 338 2374 Gloria,
372 2326 479 2365 Sicut
512 2331 607 2362 erest.
667 2324 722 2360 Et
754 2336 903 2360 exuens
934 2335 975 2360 se
1008 2323 1213 2371 episcopus
1246 2322 1444 2371 planitam
1478 2334 1592 2358 suam
1625 2326 1667 2359 et

189 2391 326 2428 condit
356 2390 545 2439 reliquias
575 2389 659 2436 ipse
689 2386 806 2424 solus.
866 2385 974 2430 Quas
1003 2384 1099 2421 dum
1127 2385 1318 2433 posuerit,
1340 2387 1481 2420 cantor
1500 2384 1666 2421 inchoat

188 2453 450 2502 antiphonam
488 2451 565 2490 Sub
603 2450 727 2487 altare
765 2448 921 2486 Domini
958 2448 1064 2485 sedes
1101 2447 1306 2498 accepistis,
1347 2447 1562 2484 intercedite
1593 2462 1667 2498 pro

697 2577 743 2623 (i)
769 2577 816 2611 Et
832 2588 899 2611 con
915 2575 1066 2622 populus
1085 2575 1233 2610 custodi.

687 2632 745 2677 (ii)
770 2632 872 2666 faras.

680 2687 749 2733 (iii)
776 2687 861 2721 exiit
877 2690 913 2721 et
930 2685 1123 2731 episcopus.
