1747 3121
177 196 261 235 504
804 207 1033 238 APPENDIX.

183 309 331 351 autem,
350 305 391 343 id
420 309 483 342 est
512 304 724 349 Bethania,
748 307 810 341 est
839 303 1014 341 forsitan
1038 303 1212 341 secundo
1241 304 1414 342 miliario
1432 318 1456 342 a
1475 305 1652 342 civitate.

184 367 389 405 Euntibus
416 371 551 404 autem
580 366 630 404 de
658 365 901 404 Jerusolima
930 366 974 402 in
1002 366 1215 402 Lazarium
1250 366 1424 404 forsitan
1460 367 1511 404 ad
1550 367 1664 417 quin-

182 434 324 480 gentos
351 443 492 480 passus
521 427 571 466 de
591 427 728 465 eodem
757 428 854 474 1000,
876 428 1042 465 ecclesia
1061 432 1123 465 est
1152 429 1196 464 in
1215 432 1346 465 strata
1374 429 1419 465 in
1437 441 1483 466 eo
1507 428 1592 466 1000
1614 429 1658 465 111

182 505 261 542 quo
278 492 453 530 occurrit
482 491 656 528 Domino
685 490 820 527 Maria
840 503 948 528 soror
978 489 1129 527 Lazari.
1190 489 1257 527 Ibi
1276 503 1369 540 ergo
1389 503 1479 527 cum
1499 491 1657 528 venerit

183 555 400 605 episcopus,
414 558 625 591 occurrent
640 553 701 591 illi
719 566 856 591 omnes
869 553 1062 599 monachi,
1081 557 1123 590 et
1142 553 1314 603 populus
1332 553 1390 590 ibi
1408 553 1636 603 ingreditur
1651 566 1663 600 3

184 618 333 656 dicitur
362 630 466 654 unus
496 629 641 666 ymnus
667 620 710 653 et
738 629 820 654 una
845 616 1080 666 antiphona,
1109 621 1150 653 et
1182 616 1332 665 legitur
1357 617 1442 666 ipse
1475 616 1587 653 locus
1613 615 1664 653 de

184 680 390 729 evangelio
427 679 497 716 ubi
534 679 710 716 occurrit
747 691 856 716 soror
905 679 1047 716 Lazari
1094 679 1279 718 Domino.
1356 677 1411 715 Et
1450 678 1518 724 510,
1552 678 1663 716 facta

183 743 364 780 oratione
383 745 425 778 et
443 741 666 778 benedictis
685 742 883 788 omnibus,
904 742 998 779 inde
1016 743 1099 791 jam
1119 754 1245 791 usque
1264 741 1315 778 ad
1336 741 1547 778 Lazarium
1573 754 1664 778 cum

183 804 315 854 ymnis
343 804 437 840 itur.
497 803 550 840 In
579 803 747 840 Lazario
767 807 903 840 autem
923 817 1013 841 cum
1033 808 1201 841 ventum
1228 803 1364 849 fuerit,
1388 804 1446 840 ita
1466 816 1507 841 se
1533 803 1662 841 omnis

184 866 405 904 multitudo
425 866 588 915 colligit,
613 870 660 903 ut
688 879 769 903 non
789 867 917 904 solum
946 867 1030 916 ipse
1058 867 1178 913 100115,
1200 866 1267 903 5οἀ
1296 870 1337 904 et
1366 866 1496 916 campi
1523 879 1660 904 omnes

183 929 228 967 in
254 930 341 979 giro
368 929 479 979 pleni
506 929 589 965 sint
617 928 857 969 hominibus,
931 929 1136 967 Dicuntur
1165 929 1289 979 ymni,
1319 929 1443 966 etiam
1481 933 1522 966 et
1560 929 1665 966 anti-

180 991 348 1040 phonae,
365 993 451 1041 apti
472 993 548 1042 ipsi
568 993 650 1031 diei
669 998 711 1030 et
730 994 833 1038 100ος
855 993 1042 1030 similiter
1058 997 1100 1030 et
1121 993 1312 1030 lectiones
1333 996 1427 1041 apte
1449 991 1528 1028 diei
1548 1002 1663 1040 quae-

180 1066 351 1104 cumque
370 1054 573 1105 leguntur.
622 1056 711 1094 Iam
733 1060 878 1102 autem,
898 1060 945 1093 ut
965 1056 1038 1092 fiat
1057 1055 1188 1101 missa,
1205 1055 1474 1092 denuntiatur
1493 1052 1659 1097 Pascha,

186 1123 227 1160 id
256 1126 330 1168 est,
352 1121 462 1158 subit
491 1120 703 1170 presbyter
732 1121 775 1156 in
805 1120 941 1157 altiori
971 1120 1065 1166 1000,
1088 1124 1130 1156 et
1158 1120 1265 1169 leget
1293 1120 1409 1157 illum
1438 1120 1568 1158 locum
1596 1121 1666 1170 qui

187 1186 359 1235 scriptus
379 1188 441 1221 est
461 1184 505 1220 in
525 1182 734 1231 evangelio
752 1195 759 1219 :
793 1179 884 1219 Cam
904 1181 1064 1218 venisset
1084 1182 1197 1220 Jesus
1215 1182 1256 1219 in
1275 1181 1471 1219 Bethania
1493 1186 1580 1219 ante
1600 1195 1666 1219 sem

188 1246 269 1284 dies
282 1246 463 1298 paschae,
485 1249 527 1283 et
548 1250 691 1282 cetera.
751 1245 875 1281 Lecto
895 1256 989 1293 ergo
1004 1257 1050 1281 eo
1069 1244 1153 1282 1000
1173 1248 1214 1281 et
1236 1245 1480 1282 annuntiata
1499 1243 1664 1290 Pascha,

188 1310 235 1346 fit
254 1310 384 1346 missa.
444 1308 665 1357 Propterea
691 1312 827 1344 autem
854 1319 900 1344 ea
923 1306 988 1343 die
1017 1306 1090 1344 hoc
1110 1307 1257 1356 agitur,
1279 1307 1468 1357 quoniam
1493 1308 1598 1345 sicut
1624 1307 1669 1344 in

192 1372 401 1421 evangelio
421 1372 615 1420 scriptum
636 1374 709 1416 est,
731 1374 827 1406 ante
847 1382 918 1406 sex
938 1368 1022 1406 dies
1043 1369 1222 1406 Paschae
1249 1369 1405 1406 factum
1429 1369 1503 1407 hoc
1522 1369 1668 1407 fuisset

189 1436 233 1473 in
263 1435 495 1480 Bethania3
526 1434 574 1471 de
603 1433 773 1470 sabbato
802 1432 909 1469 enim
938 1444 1062 1481 usque
1091 1432 1134 1468 in
1163 1432 1306 1481 quinta
1335 1432 1447 1478 feria,
1470 1445 1550 1482 qua
1577 1437 1669 1482 post

191 1511 289 1536 cena
302 1502 425 1535 noctu
445 1495 797 1546 comprehenditur
818 1495 1028 1541 Dominus,
1046 1507 1116 1531 sex
1135 1493 1219 1531 dies
1233 1499 1339 1531 sunt.
1388 1494 1670 1533 Revertuntur

195 1575 289 1612 ergo
318 1573 454 1599 omnes
485 1559 536 1596 ad
568 1559 786 1605 civitatem,
818 1561 953 1595 rectus
982 1556 1033 1595 ad
1063 1557 1279 1603 Anastase,
1315 1560 1357 1594 et
1385 1557 1432 1594 fit
1461 1557 1670 1595 lucernare

192 1625 313 1674 juxta
333 1621 673 1660 consuetudinem.

626 1849 662 1886 2.
694 1846 810 1884 Palm
841 1868 847 1883 ι
870 1843 1128 1893 unday.——(a)
1151 1842 1268 1880 Mass.

280 1994 378 2031 Alia
406 2005 500 2042 ergo
530 1991 605 2035 die,
632 1988 674 2026 id
703 1992 766 2026 est
794 1985 993 2024 dominica
1021 1995 1101 2032 qua
1113 1980 1136 2006 (ἰ)
1166 1981 1346 2017 intratur
1383 1977 1428 2014 in
1464 1975 1688 2025 septimana

199 2056 398 2105 paschale,
438 2066 562 2104 quam
599 2052 664 2089 hic
702 2049 909 2099 appellant
947 2046 1172 2096 septimana
1205 2041 1343 2090 major,
1385 2037 1598 2076 celebratis
1635 2035 1684 2072 de

205 2121 406 2170 pullorum
435 2112 646 2153 cantu-his
671 2125 773 2162 quae
803 2109 1102 2148 consuetudinis
1132 2110 1226 2143 sunt
1250 2106 1292 2140 in
1313 2105 1517 2140 Anastase
1537 2100 1599 2137 vel
1627 2098 1679 2136 ad

207 2184 391 2228 Crucem,
431 2191 559 2228 usque
598 2177 648 2214 ad
695 2188 811 2213 mane
850 2174 996 2223 agitur.
1072 2171 1150 2207 Die
1188 2180 1280 2217 ergo
1326 2165 1523 2204 dominica
1560 2175 1678 2200 mane

206 2245 439 2296 proceditur
468 2243 590 2292 juxta
620 2237 948 2277 consuetudinem
977 2236 1021 2272 in
1040 2233 1204 2271 ecclesia
1234 2230 1397 2279 majore,
1418 2239 1521 2277 quae
1550 2226 1681 2276 appel-

207 2308 316 2346 latur
337 2306 596 2355 Martyrium.
656 2302 874 2351 Propterea
900 2302 1036 2335 autem
1060 2295 1306 2344 Martyrium
1335 2290 1562 2341 appellatur
1588 2288 1682 2338 quia

207 2371 251 2407 in
272 2368 474 2417 Golgotha
494 2372 567 2413 est,
590 2366 631 2403 id
655 2369 716 2402 est
748 2366 839 2413 post
860 2361 1039 2406 Crucem,
1062 2358 1131 2396 ubi
1160 2356 1357 2394 Dominus
1382 2364 1521 2403 passus
1547 2355 1620 2397 est,
1641 2354 1682 2388 et

210 2433 300 2470 ideo
332 2431 547 2480 Martyrio.
607 2427 708 2465 Cum
739 2438 832 2475 ergo
863 2423 1065 2461 celebrata
1098 2420 1251 2457 fuerint
1281 2417 1415 2455 omnia
1443 2415 1565 2464 juxta
1595 2426 1683 2451 con-

208 2492 465 2531 suetudinem
488 2491 533 2527 in
558 2488 724 2527 ecclesia
756 2487 917 2535 majore,
951 2489 993 2521 et
1023 2487 1239 2532 antequam
1272 2479 1345 2515 fiat
1377 2477 1510 2522 missa,
1544 2476 1684 2512 mittet

209 2566 345 2592 vocem
368 2551 681 2594 archidiaconus,
705 2553 746 2586 et
766 2548 865 2585 dicit
883 2547 1055 2595 primum
1077 2560 1086 2582 ι
1127 2546 1151 2563 “
1163 2541 1190 2580 J
1193 2545 1294 2578 uxta
1313 2538 1537 2588 septimana
1555 2548 1680 2582 omne,

210 2615 253 2653 id
269 2618 330 2652 est
351 2613 415 2650 die
436 2613 625 2659 crastino,
645 2610 745 2648 hora
764 2621 880 2653 nona,
898 2618 1033 2644 omnes
1053 2604 1104 2641 ad
1125 2601 1367 2651 Martyrium
1387 2596 1682 2642 conveniamus,

829 2693 873 2738 (i)
897 2703 986 2737 quae
1005 2691 1074 2724 cod.
