1747 3121
152 212 237 254 512
770 216 1005 249 APPENDIX.

685 390 739 444 (e)
769 389 941 440 Eveninq
967 390 1110 441 OfficeS.

226 521 290 558 At
310 519 379 557 uhi
400 520 537 555 autem
557 515 679 552 missa
698 514 810 551 facta.
825 514 951 552 fuerit
967 512 1016 552 (10
1033 517 1129 552 ante
1145 512 1283 562 Cruce,
1301 514 1442 553 statim
1462 516 1595 554 omnia
1609 515 1635 543 (ἱ)

151 586 195 623 in
232 582 399 622 ecclesia
437 580 589 628 majore
628 578 679 615 ad
714 577 961 627 Martyrium
1000 581 1180 626 aguntur
1221 590 1268 615 ea
1301 591 1403 628 quae
1440 591 1511 629 per
1547 579 1636 629 ipsa.

153 647 378 697 septimana
398 643 446 681 (10
470 642 569 680 hora
589 654 709 687 nona,
731 654 810 691 qua
839 640 890 678 ad
920 640 1169 690 Martyrium
1198 642 1446 688 convenitur,
1474 653 1637 680 consue-

151 712 300 748 verunt
330 707 397 756 agi
426 717 551 755 usque
588 703 640 741 ad
678 716 765 741 sero
802 716 875 753 per
911 703 998 753 ipsa
1036 703 1272 753 septimana.
1332 704 1459 741 Missa,
1497 708 1635 743 autem

151 773 262 810 facta
296 770 345 807 de
374 767 622 817 Martyrium
651 767 815 803 venitur
845 765 897 803 ad
930 765 1136 803 Anastase
1152 778 1163 814 3
1193 770 1234 803 et
1262 766 1319 803 ibi
1348 779 1438 803 cum
1465 770 1634 805 ventum

151 834 289 880 fuerit,
317 831 467 881 legitur
495 830 563 867 ille
591 829 701 867 locus
730 829 780 866 de
813 828 1031 877 evangelio,
1062 828 1129 865 ubi
1159 828 1266 878 petit
1296 841 1438 878 corpus
1467 829 1634 867 Domini

152 895 303 946 Joseph
323 908 347 932 a
367 894 502 931 Pilato
526 891 610 944 [et]
634 895 756 942 ponet
784 889 888 929 illud
915 892 960 928 in
988 891 1171 940 sepulcro
1199 904 1314 928 novo.
1375 890 1466 929 Hoc
1494 895 1633 930 autem

151 960 269 1005 lecto,
290 958 338 995 fit
357 956 498 1002 oratio,
521 954 818 992 benedicuntur
837 953 1107 991 cathecumini
1122 967 1134 1002 3
1163 953 1220 990 510
1240 952 1288 990 fit
1307 953 1441 993 missa.

239 1016 335 1066 Ipsa.
355 1019 493 1053 autem
512 1014 578 1052 die
598 1027 680 1052 non
699 1015 879 1051 mittitur
899 1026 978 1051 vox
997 1017 1045 1051 ut
1064 1013 1329 1063 pervigiletur
1349 1012 1401 1050 ad
1420 1013 1639 1061 Anastase,

160 1078 350 1129 quoniam
384 1077 460 1114 scit
490 1076 683 1126 populum
713 1075 932 1125 fatigatum
963 1088 1048 1113 esse
1064 1088 1075 1123 3
1116 1075 1186 1112 sed
1216 1074 1463 1113 consuetudo
1493 1080 1555 1113 est
1592 1080 1641 1114 ut

158 1139 422 1192 pervigiletur
451 1137 520 1175 ibi.
577 1137 641 1174 Ac
670 1138 727 1174 sic
755 1138 824 1186 qui
852 1137 941 1174 vult
961 1136 1010 1174 de
1038 1137 1192 1186 populo,
1214 1137 1334 1174 immo
1362 1137 1431 1186 qui
1458 1141 1638 1187 possunt,

159 1202 331 1252 vigilant
345 1214 356 1248 3
384 1200 454 1250 qui
474 1203 610 1237 autem
630 1212 712 1237 non
730 1204 909 1249 possunt,
932 1212 1013 1237 non
1032 1199 1206 1248 vigilant
1225 1199 1282 1236 ibi
1301 1211 1427 1249 usque
1445 1199 1490 1236 in
1507 1211 1637 1236 mane.

161 1264 307 1304 Clerici
343 1267 479 1300 autem
518 1262 691 1311 vigilant
728 1262 796 1308 ibi,
836 1261 879 1299 id
917 1266 978 1299 est
1016 1262 1087 1311 qui
1115 1265 1187 1298 aut
1214 1261 1401 1299 fortiores
1430 1264 1539 1307 sunt,
1570 1264 1642 1298 aut

159 1327 414 1379 juveniores:
444 1330 485 1363 et
505 1329 595 1363 tota
615 1329 732 1363 nocte
752 1325 947 1362 dicuntur
975 1325 1031 1362 ibi
1059 1325 1170 1374 ymni
1190 1328 1232 1362 et
1252 1323 1499 1373 antiphonae
1518 1336 1644 1373 usque

162 1390 214 1428 ad
233 1402 360 1427 mane.
422 1387 604 1425 Maxima
624 1391 760 1424 autem
780 1388 901 1425 turba
929 1387 1186 1437 pervigilant,
1209 1386 1278 1424 alii
1307 1384 1356 1422 de
1376 1397 1473 1432 sera,
1496 1384 1566 1422 alii
1594 1383 1644 1423 de

162 1451 295 1491 media
315 1454 432 1488 nocte
453 1450 522 1500 qui
543 1454 589 1488 ut
609 1454 790 1500 possunt.

692 1679 728 1717 8.
766 1678 870 1729 Vz‘gyz'l
898 1678 946 1728 of
969 1678 1121 1719 Eastcr.

249 1813 428 1850 sabbato
458 1816 595 1850 autem
633 1812 713 1849 alia
743 1811 808 1850 dic
835 1813 956 1862 juxta
990 1810 1319 1850 consuetudinem
1350 1811 1398 1848 fit
1428 1810 1478 1849 ad
1500 1813 1649 1862 tertia3

167 1877 265 1914 item
295 1876 342 1912 fit
375 1874 426 1912 ad
457 1879 597 1915 sexta:
637 1875 689 1912 ad
721 1888 868 1913 nonam
901 1879 1037 1913 autem
1063 1876 1148 1924 jam
1181 1888 1264 1912 non
1291 1875 1338 1911 fit
1368 1875 1549 1923 sabbato,
1579 1876 1649 1914 sed

167 1942 364 1990 parantur
392 1937 554 1987 vigiliae
591 1938 797 1987 paschales
834 1939 878 1975 in
915 1939 1080 1976 ecclesia
1116 1938 1279 1987 majore,
1309 1936 1350 1975 id
1379 1942 1440 1975 est
1468 1939 1512 1976 in
1540 1939 1651 1977 Mar-

168 2001 333 2051 tyrium.
380 2000 557 2049 Vigiliae
577 2004 713 2037 autem
732 2001 939 2050 paschales
959 2002 1015 2038 510
1029 2001 1134 2039 fiunt
1150 2000 1482 2051 quemadmodum
1498 2001 1550 2039 ad
1565 2014 1649 2039 nos.

169 2066 259 2104 Hoc
288 2065 416 2103 solum
445 2065 510 2102 hic
540 2066 713 2114 amplius
732 2065 779 2101 fit
800 2064 905 2115 quod
934 2064 1124 2110 infantes,
1147 2077 1237 2102 cum
1255 2063 1475 2113 baptidiati
1494 2064 1650 2102 fuerint

170 2133 211 2167 et
244 2129 394 2175 vestiti,
430 2127 764 2179 quemadmodum
795 2128 933 2165 exient
966 2127 1016 2164 de
1047 2126 1174 2173 fonte,
1204 2126 1322 2163 simul
1350 2139 1439 2163 cum
1468 2127 1650 2177 episcopo

170 2191 343 2241 primum
363 2190 415 2228 ad
434 2191 639 2228 Anastase
659 2189 875 2227 ducuntur.
931 2188 1071 2226 Intrat
1100 2189 1306 2238 episcopus
1326 2189 1436 2226 intro
1456 2189 1652 2227 cancellos

171 2254 412 2300 Anastasi33
441 2253 593 2290 dicitur
614 2266 720 2290 unus
739 2265 906 2302 ymnus3
936 2255 978 2289 et
998 2252 1053 2289 510
1073 2251 1172 2288 facit
1196 2251 1419 2288 orationem
1445 2252 1652 2301 episcopus

171 2329 243 2366 pro
276 2317 341 2362 eis,
379 2319 421 2353 et
454 2316 510 2352 510
541 2315 655 2352 venit
684 2314 736 2352 ad
764 2315 969 2352 ecclesiam
997 2315 1189 2363 majorem
1217 2327 1306 2350 cum
1335 2314 1401 2360 eis,
1432 2313 1504 2350 ubi
1532 2314 1653 2363 juxta

173 2377 503 2415 consuetudinem
523 2377 650 2414 omnis
678 2376 847 2426 populus
866 2376 1020 2426 vigilat.
1079 2376 1273 2425 Aguntur
1293 2376 1349 2412 ibi
1369 2388 1471 2425 quae
1490 2388 1653 2413 consue-

173 2439 328 2477 tudinis
357 2444 418 2477 est
447 2440 570 2477 etiam
599 2443 641 2476 et
669 2443 769 2488 aput
797 2452 881 2485 nos,
902 2443 945 2476 et
972 2439 1082 2475 facta
1109 2438 1312 2476 oblatione
1340 2438 1387 2474 fit
1405 2438 1537 2477 missa.
1595 2437 1652 2474 Et

174 2506 265 2552 post
284 2502 395 2539 facta
413 2503 534 2539 missa
554 2502 784 2550 vigiliarum
803 2502 848 2537 in
867 2501 1032 2538 ecclesia
1058 2501 1221 2549 majore,
1242 2500 1382 2536 statim
1411 2512 1500 2536 cum
1519 2500 1651 2549 ymnis

175 2563 339 2600 venitur
372 2563 424 2600 ad
454 2564 685 2609 Anastase3
726 2567 768 2600 et
801 2563 858 2600 ibi
887 2562 1019 2600 denuo
1044 2562 1193 2612 legitur
1221 2562 1289 2598 ille
1315 2562 1423 2598 locus
1454 2561 1652 2610 evangelii

178 2626 494 2664 resurrectionis.
566 2626 636 2663 Fit
673 2626 803 2663 oratio
818 2639 828 2672 ;
876 2629 918 2662 et
955 2624 1086 2662 denuo
1123 2624 1261 2662 offeret
1301 2625 1506 2674 episcopus
1521 2638 1531 2669 ;
1580 2623 1649 2661 sed

765 2708 810 2754 (i)
842 2719 962 2742 omnes
980 2708 1053 2742 cod„
