<?xml version="1.0" encoding="UTF-8"?>
<!DOCTYPE html PUBLIC "-//W3C//DTD XHTML 1.0 Transitional//EN"
    "http://www.w3.org/TR/xhtml1/DTD/xhtml1-transitional.dtd">
<html xmlns="http://www.w3.org/1999/xhtml" xml:lang="en" lang="en">
 <head>
  <title>
</title>
<meta http-equiv="Content-Type" content="text/html;charset=utf-8" />
  <meta name='ocr-system' content='tesseract 3.04.00' />
  <meta name='ocr-capabilities' content='ocr_page ocr_carea ocr_par ocr_line ocrx_word'/>
</head>
<body>
  <div class='ocr_page' id='page_1' title='image "./christianworship00duch_0500.png"; bbox 0 0 1747 3121; ppageno 0'>
   <div class='ocr_carea' id='block_1_1' title="bbox 191 234 1049 278">
    <p class='ocr_par' dir='ltr' id='par_1_1' title="bbox 191 234 1049 278">
     <span class='ocr_line' id='line_1_1' title="bbox 191 234 1049 278; baseline -0.005 -1"><span class='ocrx_word' id='word_1_1' title='bbox 191 234 277 278; x_wconf 81' lang='lat'>474</span> <span class='ocrx_word' id='word_1_2' title='bbox 816 243 1049 274; x_wconf 83' lang='lat' dir='ltr'>APPENDIX.</span> 
     </span>
    </p>
   </div>
   <div class='ocr_carea' id='block_1_2' title="bbox 185 348 1673 2405">
    <p class='ocr_par' dir='ltr' id='par_1_2' title="bbox 185 348 1673 2284">
     <span class='ocr_line' id='line_1_2' title="bbox 190 348 1672 397; baseline 0.001 -11"><span class='ocrx_word' id='word_1_3' title='bbox 190 349 246 386; x_wconf 88' lang='lat' dir='ltr'>Et</span> <span class='ocrx_word' id='word_1_4' title='bbox 274 352 359 386; x_wconf 86' lang='lat' dir='ltr'>stat</span> <span class='ocrx_word' id='word_1_5' title='bbox 387 361 492 386; x_wconf 89' lang='lat' dir='ltr'>unus</span> <span class='ocrx_word' id='word_1_6' title='bbox 512 348 561 386; x_wconf 89' lang='lat' dir='ltr'>de</span> <span class='ocrx_word' id='word_1_7' title='bbox 589 348 696 386; x_wconf 88' lang='lat' dir='ltr'>scola</span> <span class='ocrx_word' id='word_1_8' title='bbox 725 351 822 385; x_wconf 87' lang='lat' dir='ltr'>ante</span> <span class='ocrx_word' id='word_1_9' title='bbox 854 348 1085 397; x_wconf 90' lang='lat' dir='ltr'>pontificem</span> <span class='ocrx_word' id='word_1_10' title='bbox 1105 353 1147 386; x_wconf 89' lang='lat' dir='ltr'>et</span> <span class='ocrx_word' id='word_1_11' title='bbox 1167 348 1296 389; x_wconf 84' lang='lat' dir='ltr'>dicit:</span> <span class='ocrx_word' id='word_1_12' title='bbox 1327 353 1348 371; x_wconf 91' lang='lat'><strong>“</strong></span> <span class='ocrx_word' id='word_1_13' title='bbox 1364 348 1560 389; x_wconf 81' lang='lat' dir='ltr'>Intrate.&#39;’</span> <span class='ocrx_word' id='word_1_14' title='bbox 1617 350 1672 387; x_wconf 87' lang='lat' dir='ltr'>Et</span> 
     </span>
     <span class='ocr_line' id='line_1_3' title="bbox 188 410 1673 460; baseline 0.002 -12"><span class='ocrx_word' id='word_1_15' title='bbox 188 411 381 450; x_wconf 88' lang='lat' dir='ltr'>inchoant</span> <span class='ocrx_word' id='word_1_16' title='bbox 410 411 673 460; x_wconf 68' lang='lat' dir='ltr'>antiphonam</span> <span class='ocrx_word' id='word_1_17' title='bbox 693 411 744 448; x_wconf 90' lang='lat' dir='ltr'>ad</span> <span class='ocrx_word' id='word_1_18' title='bbox 774 411 1009 450; x_wconf 88' lang='lat' dir='ltr'>introitum.</span> <span class='ocrx_word' id='word_1_19' title='bbox 1065 410 1121 448; x_wconf 85' lang='lat' dir='ltr'>Et</span> <span class='ocrx_word' id='word_1_20' title='bbox 1145 412 1354 450; x_wconf 87' lang='lat' dir='ltr'>antecedit</span> <span class='ocrx_word' id='word_1_21' title='bbox 1382 413 1673 452; x_wconf 89' lang='lat' dir='ltr'>oblationarius</span> 
     </span>
     <span class='ocr_line' id='line_1_4' title="bbox 188 473 1673 525; baseline 0.001 -13"><span class='ocrx_word' id='word_1_22' title='bbox 188 487 278 512; x_wconf 91' lang='lat' dir='ltr'>cum</span> <span class='ocrx_word' id='word_1_23' title='bbox 297 473 454 512; x_wconf 89' lang='lat' dir='ltr'>duobus</span> <span class='ocrx_word' id='word_1_24' title='bbox 483 474 606 511; x_wconf 89' lang='lat' dir='ltr'>cereis</span> <span class='ocrx_word' id='word_1_25' title='bbox 631 474 676 510; x_wconf 88' lang='lat' dir='ltr'>in</span> <span class='ocrx_word' id='word_1_26' title='bbox 705 487 828 511; x_wconf 87' lang='lat' dir='ltr'>manu</span> <span class='ocrx_word' id='word_1_27' title='bbox 862 486 1058 522; x_wconf 86' lang='lat' dir='ltr'>accensos,</span> <span class='ocrx_word' id='word_1_28' title='bbox 1081 478 1124 512; x_wconf 91' lang='lat' dir='ltr'>et</span> <span class='ocrx_word' id='word_1_29' title='bbox 1154 475 1269 525; x_wconf 91' lang='lat' dir='ltr'>ponit</span> <span class='ocrx_word' id='word_1_30' title='bbox 1299 487 1365 513; x_wconf 82' lang='lat' dir='ltr'>eos</span> <span class='ocrx_word' id='word_1_31' title='bbox 1395 481 1505 514; x_wconf 89' lang='lat' dir='ltr'>retro</span> <span class='ocrx_word' id='word_1_32' title='bbox 1532 477 1673 523; x_wconf 89' lang='lat' dir='ltr'>altare,</span> 
     </span>
     <span class='ocr_line' id='line_1_5' title="bbox 187 535 1672 586; baseline 0.002 -12"><span class='ocrx_word' id='word_1_33' title='bbox 187 538 292 575; x_wconf 87' lang='lat' dir='ltr'>sicut</span> <span class='ocrx_word' id='word_1_34' title='bbox 323 549 407 574; x_wconf 89' lang='lat' dir='ltr'>mos</span> <span class='ocrx_word' id='word_1_35' title='bbox 441 540 513 573; x_wconf 90' lang='lat' dir='ltr'>est.</span> <span class='ocrx_word' id='word_1_36' title='bbox 573 535 629 573; x_wconf 88' lang='lat' dir='ltr'>Et</span> <span class='ocrx_word' id='word_1_37' title='bbox 659 535 866 586; x_wconf 82' lang='lat' dir='ltr'>egreditur</span> <span class='ocrx_word' id='word_1_38' title='bbox 893 536 1079 586; x_wconf 80' lang='lat' dir='ltr'>pontifex</span> <span class='ocrx_word' id='word_1_39' title='bbox 1110 537 1159 575; x_wconf 91' lang='lat' dir='ltr'>de</span> <span class='ocrx_word' id='word_1_40' title='bbox 1188 538 1362 576; x_wconf 87' lang='lat' dir='ltr'>sacrario</span> <span class='ocrx_word' id='word_1_41' title='bbox 1384 551 1473 576; x_wconf 87' lang='lat' dir='ltr'>cum</span> <span class='ocrx_word' id='word_1_42' title='bbox 1500 539 1672 577; x_wconf 86' lang='lat' dir='ltr'>diaconi-</span> 
     </span>
     <span class='ocr_line' id='line_1_6' title="bbox 188 598 1670 652; baseline 0.002 -16"><span class='ocrx_word' id='word_1_43' title='bbox 188 601 262 637; x_wconf 90' lang='lat' dir='ltr'>bus</span> <span class='ocrx_word' id='word_1_44' title='bbox 291 603 332 636; x_wconf 89' lang='lat' dir='ltr'>et</span> <span class='ocrx_word' id='word_1_45' title='bbox 359 599 753 646; x_wconf 87' lang='lat' dir='ltr'>thimiamasterium,</span> <span class='ocrx_word' id='word_1_46' title='bbox 781 603 971 648; x_wconf 87' lang='lat' dir='ltr'>portante</span> <span class='ocrx_word' id='word_1_47' title='bbox 985 598 1013 623; x_wconf 55' lang='grc' dir='ltr'>(ἰ)</span> <span class='ocrx_word' id='word_1_48' title='bbox 1053 612 1141 637; x_wconf 91' lang='lat' dir='ltr'>eam</span> <span class='ocrx_word' id='word_1_49' title='bbox 1170 600 1414 639; x_wconf 86' lang='lat' dir='ltr'>subdiacono</span> <span class='ocrx_word' id='word_1_50' title='bbox 1445 602 1670 652; x_wconf 85' lang='lat' dir='ltr'>temperita.</span> 
     </span>
     <span class='ocr_line' id='line_1_7' title="bbox 189 661 1673 711; baseline 0.002 -13"><span class='ocrx_word' id='word_1_51' title='bbox 189 663 298 699; x_wconf 85' lang='lat' dir='ltr'>Dum</span> <span class='ocrx_word' id='word_1_52' title='bbox 317 662 467 698; x_wconf 90' lang='lat' dir='ltr'>transit</span> <span class='ocrx_word' id='word_1_53' title='bbox 495 674 567 711; x_wconf 90' lang='lat' dir='ltr'>per</span> <span class='ocrx_word' id='word_1_54' title='bbox 596 661 714 707; x_wconf 87' lang='lat' dir='ltr'>scola,</span> <span class='ocrx_word' id='word_1_55' title='bbox 744 661 861 710; x_wconf 84' lang='lat' dir='ltr'>jubet</span> <span class='ocrx_word' id='word_1_56' title='bbox 881 665 928 699; x_wconf 90' lang='lat' dir='ltr'>ut</span> <span class='ocrx_word' id='word_1_57' title='bbox 949 662 1110 699; x_wconf 87' lang='lat' dir='ltr'>dicatur</span> <span class='ocrx_word' id='word_1_58' title='bbox 1142 661 1291 700; x_wconf 76' lang='lat' dir='ltr'>Gloria.</span> <span class='ocrx_word' id='word_1_59' title='bbox 1351 663 1406 699; x_wconf 89' lang='lat' dir='ltr'>Et</span> <span class='ocrx_word' id='word_1_60' title='bbox 1434 664 1549 701; x_wconf 78' lang='lat' dir='ltr'>venit</span> <span class='ocrx_word' id='word_1_61' title='bbox 1577 667 1673 701; x_wconf 89' lang='lat' dir='ltr'>ante</span> 
     </span>
     <span class='ocr_line' id='line_1_8' title="bbox 187 723 1671 775; baseline 0.001 -13"><span class='ocrx_word' id='word_1_62' title='bbox 187 725 324 771; x_wconf 84' lang='lat' dir='ltr'>altare,</span> <span class='ocrx_word' id='word_1_63' title='bbox 348 728 390 761; x_wconf 91' lang='lat' dir='ltr'>et</span> <span class='ocrx_word' id='word_1_64' title='bbox 420 724 592 761; x_wconf 86' lang='lat' dir='ltr'>inclinat</span> <span class='ocrx_word' id='word_1_65' title='bbox 621 736 662 761; x_wconf 92' lang='lat' dir='ltr'>se</span> <span class='ocrx_word' id='word_1_66' title='bbox 691 723 743 761; x_wconf 88' lang='lat' dir='ltr'>ad</span> <span class='ocrx_word' id='word_1_67' title='bbox 772 724 1010 771; x_wconf 78' lang='lat' dir='ltr'>oracionem,</span> <span class='ocrx_word' id='word_1_68' title='bbox 1035 737 1160 775; x_wconf 83' lang='lat' dir='ltr'>usque</span> <span class='ocrx_word' id='word_1_69' title='bbox 1192 724 1287 762; x_wconf 85' lang='lat' dir='ltr'>dum</span> <span class='ocrx_word' id='word_1_70' title='bbox 1320 725 1419 763; x_wconf 87' lang='lat' dir='ltr'>dicit</span> <span class='ocrx_word' id='word_1_71' title='bbox 1449 738 1590 764; x_wconf 86' lang='lat' dir='ltr'>versus</span> <span class='ocrx_word' id='word_1_72' title='bbox 1620 725 1671 763; x_wconf 82' lang='lat' dir='ltr'>ad</span> 
     </span>
     <span class='ocr_line' id='line_1_9' title="bbox 187 786 1671 837; baseline 0.001 -12"><span class='ocrx_word' id='word_1_73' title='bbox 187 786 457 837; x_wconf 85' lang='lat' dir='ltr'>repetendum,</span> <span class='ocrx_word' id='word_1_74' title='bbox 489 791 530 824; x_wconf 88' lang='lat' dir='ltr'>et</span> <span class='ocrx_word' id='word_1_75' title='bbox 561 788 692 836; x_wconf 81' lang='lat' dir='ltr'>surgit</span> <span class='ocrx_word' id='word_1_76' title='bbox 728 787 779 824; x_wconf 90' lang='lat' dir='ltr'>ab</span> <span class='ocrx_word' id='word_1_77' title='bbox 809 788 1004 834; x_wconf 87' lang='lat' dir='ltr'>oratione,</span> <span class='ocrx_word' id='word_1_78' title='bbox 1032 787 1239 824; x_wconf 85' lang='lat' dir='ltr'>osculatur</span> <span class='ocrx_word' id='word_1_79' title='bbox 1270 788 1410 835; x_wconf 88' lang='lat' dir='ltr'>altare,</span> <span class='ocrx_word' id='word_1_80' title='bbox 1443 791 1484 825; x_wconf 91' lang='lat' dir='ltr'>et</span> <span class='ocrx_word' id='word_1_81' title='bbox 1511 788 1671 826; x_wconf 81' lang='lat' dir='ltr'>diaconi</span> 
     </span>
     <span class='ocr_line' id='line_1_10' title="bbox 186 848 1672 899; baseline 0.001 -13"><span class='ocrx_word' id='word_1_82' title='bbox 186 850 381 895; x_wconf 84' lang='lat' dir='ltr'>simfliter,</span> <span class='ocrx_word' id='word_1_83' title='bbox 403 849 497 887; x_wconf 87' lang='lat' dir='ltr'>hinc</span> <span class='ocrx_word' id='word_1_84' title='bbox 517 853 558 887; x_wconf 92' lang='lat' dir='ltr'>et</span> <span class='ocrx_word' id='word_1_85' title='bbox 584 848 692 889; x_wconf 89' lang='lat' dir='ltr'>inde.</span> <span class='ocrx_word' id='word_1_86' title='bbox 752 850 847 899; x_wconf 80' lang='lat' dir='ltr'>Ipsa</span> <span class='ocrx_word' id='word_1_87' title='bbox 878 850 1101 899; x_wconf 89' lang='lat' dir='ltr'>antiphona</span> <span class='ocrx_word' id='word_1_88' title='bbox 1130 850 1304 899; x_wconf 81' lang='lat' dir='ltr'>expleta,</span> <span class='ocrx_word' id='word_1_89' title='bbox 1326 863 1409 888; x_wconf 92' lang='lat' dir='ltr'>non</span> <span class='ocrx_word' id='word_1_90' title='bbox 1437 850 1537 888; x_wconf 87' lang='lat' dir='ltr'>dicit</span> <span class='ocrx_word' id='word_1_91' title='bbox 1565 851 1672 889; x_wconf 86' lang='lat' dir='ltr'>scola</span> 
     </span>
     <span class='ocr_line' id='line_1_11' title="bbox 187 912 1670 963; baseline 0.001 -14"><span class='ocrx_word' id='word_1_92' title='bbox 187 912 308 961; x_wconf 71' lang='lat' dir='ltr'>Kyrie</span> <span class='ocrx_word' id='word_1_93' title='bbox 335 912 487 959; x_wconf 79' lang='lat' dir='ltr'>eleison,</span> <span class='ocrx_word' id='word_1_94' title='bbox 509 916 550 949; x_wconf 89' lang='lat' dir='ltr'>et</span> <span class='ocrx_word' id='word_1_95' title='bbox 579 912 776 962; x_wconf 83' lang='lat' dir='ltr'>pontifex,</span> <span class='ocrx_word' id='word_1_96' title='bbox 800 917 914 949; x_wconf 89' lang='lat' dir='ltr'>stans</span> <span class='ocrx_word' id='word_1_97' title='bbox 944 916 1041 950; x_wconf 90' lang='lat' dir='ltr'>ante</span> <span class='ocrx_word' id='word_1_98' title='bbox 1071 913 1213 959; x_wconf 90' lang='lat' dir='ltr'>altare,</span> <span class='ocrx_word' id='word_1_99' title='bbox 1244 913 1439 962; x_wconf 81' lang='lat' dir='ltr'>aspiciens</span> <span class='ocrx_word' id='word_1_100' title='bbox 1467 913 1670 963; x_wconf 89' lang='lat' dir='ltr'>populum,</span> 
     </span>
     <span class='ocr_line' id='line_1_12' title="bbox 187 975 1670 1025; baseline 0.001 -13"><span class='ocrx_word' id='word_1_101' title='bbox 187 975 286 1012; x_wconf 92' lang='lat' dir='ltr'>dicit</span> <span class='ocrx_word' id='word_1_102' title='bbox 315 975 501 1013; x_wconf 67' lang='lat' dir='ltr'>Dominus</span> <span class='ocrx_word' id='word_1_103' title='bbox 530 975 711 1012; x_wconf 74' lang='lat' dir='ltr'>vobiscum</span> <span class='ocrx_word' id='word_1_104' title='bbox 740 979 783 1012; x_wconf 91' lang='lat' dir='ltr'>et</span> <span class='ocrx_word' id='word_1_105' title='bbox 807 975 975 1022; x_wconf 68' lang='lat' dir='ltr'>Oramus,</span> <span class='ocrx_word' id='word_1_106' title='bbox 997 979 1039 1012; x_wconf 87' lang='lat' dir='ltr'>et</span> <span class='ocrx_word' id='word_1_107' title='bbox 1068 975 1262 1013; x_wconf 85' lang='lat' dir='ltr'>diaconus</span> <span class='ocrx_word' id='word_1_108' title='bbox 1290 975 1508 1013; x_wconf 71' lang='lat' dir='ltr'>Flectamus</span> <span class='ocrx_word' id='word_1_109' title='bbox 1537 988 1670 1025; x_wconf 73' lang='lat' dir='ltr'>qenua,</span> 
     </span>
     <span class='ocr_line' id='line_1_13' title="bbox 186 1039 1670 1091; baseline -0.001 -13"><span class='ocrx_word' id='word_1_110' title='bbox 186 1045 228 1078; x_wconf 89' lang='lat' dir='ltr'>et</span> <span class='ocrx_word' id='word_1_111' title='bbox 257 1041 366 1078; x_wconf 84' lang='lat' dir='ltr'>facto</span> <span class='ocrx_word' id='word_1_112' title='bbox 396 1041 626 1087; x_wconf 83' lang='lat' dir='ltr'>intervallo,</span> <span class='ocrx_word' id='word_1_113' title='bbox 658 1040 758 1078; x_wconf 89' lang='lat' dir='ltr'>dicit</span> <span class='ocrx_word' id='word_1_114' title='bbox 787 1039 940 1078; x_wconf 75' lang='lat' dir='ltr'>Levate.</span> <span class='ocrx_word' id='word_1_115' title='bbox 1002 1040 1058 1077; x_wconf 86' lang='lat' dir='ltr'>Et</span> <span class='ocrx_word' id='word_1_116' title='bbox 1089 1040 1189 1077; x_wconf 89' lang='lat' dir='ltr'>dicit</span> <span class='ocrx_word' id='word_1_117' title='bbox 1219 1040 1406 1091; x_wconf 80' lang='lat' dir='ltr'>pontifex</span> <span class='ocrx_word' id='word_1_118' title='bbox 1435 1040 1670 1078; x_wconf 83' lang='lat' dir='ltr'>orationem.</span> 
     </span>
     <span class='ocr_line' id='line_1_14' title="bbox 186 1101 1671 1153; baseline -0.001 -13"><span class='ocrx_word' id='word_1_119' title='bbox 186 1103 282 1153; x_wconf 88' lang='lat' dir='ltr'>Ipsa</span> <span class='ocrx_word' id='word_1_120' title='bbox 333 1103 507 1152; x_wconf 86' lang='lat' dir='ltr'>expleta,</span> <span class='ocrx_word' id='word_1_121' title='bbox 558 1103 704 1140; x_wconf 90' lang='lat' dir='ltr'>annuit</span> <span class='ocrx_word' id='word_1_122' title='bbox 756 1102 885 1140; x_wconf 83' lang='lat' dir='ltr'>scolae</span> <span class='ocrx_word' id='word_1_123' title='bbox 898 1101 935 1126; x_wconf 57' lang='grc' dir='ltr'>(ἥ)</span> <span class='ocrx_word' id='word_1_124' title='bbox 981 1107 1028 1139; x_wconf 90' lang='lat' dir='ltr'>ut</span> <span class='ocrx_word' id='word_1_125' title='bbox 1068 1102 1229 1139; x_wconf 89' lang='lat' dir='ltr'>inchoet</span> <span class='ocrx_word' id='word_1_126' title='bbox 1267 1102 1542 1152; x_wconf 84' lang='lat' dir='ltr'>antiphonam.</span> <span class='ocrx_word' id='word_1_127' title='bbox 1615 1102 1671 1140; x_wconf 87' lang='lat' dir='ltr'>Et</span> 
     </span>
     <span class='ocr_line' id='line_1_15' title="bbox 186 1164 1670 1214; baseline 0 -12"><span class='ocrx_word' id='word_1_128' title='bbox 186 1166 349 1202; x_wconf 88' lang='lat' dir='ltr'>interim</span> <span class='ocrx_word' id='word_1_129' title='bbox 370 1165 634 1214; x_wconf 83' lang='lat' dir='ltr'>egrediuntur</span> <span class='ocrx_word' id='word_1_130' title='bbox 655 1177 791 1202; x_wconf 90' lang='lat' dir='ltr'>omnes</span> <span class='ocrx_word' id='word_1_131' title='bbox 811 1164 861 1202; x_wconf 90' lang='lat' dir='ltr'>de</span> <span class='ocrx_word' id='word_1_132' title='bbox 881 1165 1059 1203; x_wconf 86' lang='lat' dir='ltr'>ecclesia.</span> <span class='ocrx_word' id='word_1_133' title='bbox 1118 1164 1315 1202; x_wconf 86' lang='lat' dir='ltr'>Primitus</span> <span class='ocrx_word' id='word_1_134' title='bbox 1341 1165 1448 1202; x_wconf 91' lang='lat' dir='ltr'>enim</span> <span class='ocrx_word' id='word_1_135' title='bbox 1475 1177 1670 1214; x_wconf 85' lang='lat' dir='ltr'>pauperes</span> 
     </span>
     <span class='ocr_line' id='line_1_16' title="bbox 188 1226 1669 1276; baseline -0.001 -11"><span class='ocrx_word' id='word_1_136' title='bbox 188 1229 235 1265; x_wconf 87' lang='lat' dir='ltr'>de</span> <span class='ocrx_word' id='word_1_137' title='bbox 266 1227 501 1274; x_wconf 81' lang='lat' dir='ltr'>xenodoxio,</span> <span class='ocrx_word' id='word_1_138' title='bbox 536 1240 626 1264; x_wconf 88' lang='lat' dir='ltr'>cum</span> <span class='ocrx_word' id='word_1_139' title='bbox 658 1240 774 1264; x_wconf 90' lang='lat' dir='ltr'>cruce</span> <span class='ocrx_word' id='word_1_140' title='bbox 808 1227 942 1276; x_wconf 76' lang='lat' dir='ltr'>lignea</span> <span class='ocrx_word' id='word_1_141' title='bbox 973 1227 1092 1276; x_wconf 86' lang='lat' dir='ltr'>picta,</span> <span class='ocrx_word' id='word_1_142' title='bbox 1128 1226 1339 1264; x_wconf 87' lang='lat' dir='ltr'>clamando</span> <span class='ocrx_word' id='word_1_143' title='bbox 1370 1226 1491 1275; x_wconf 78' lang='lat' dir='ltr'>Kyrie</span> <span class='ocrx_word' id='word_1_144' title='bbox 1520 1226 1669 1276; x_wconf 76' lang='lat' dir='ltr'>eleison,</span> 
     </span>
     <span class='ocr_line' id='line_1_17' title="bbox 187 1288 1671 1337; baseline -0.001 -9"><span class='ocrx_word' id='word_1_145' title='bbox 187 1290 330 1329; x_wconf 88' lang='lat' dir='ltr'>deinde</span> <span class='ocrx_word' id='word_1_146' title='bbox 355 1289 500 1328; x_wconf 74' lang='lat' dir='ltr'>Christe</span> <span class='ocrx_word' id='word_1_147' title='bbox 521 1289 671 1337; x_wconf 72' lang='lat' dir='ltr'>eleison,</span> <span class='ocrx_word' id='word_1_148' title='bbox 693 1289 788 1327; x_wconf 89' lang='lat' dir='ltr'>inde</span> <span class='ocrx_word' id='word_1_149' title='bbox 811 1288 957 1327; x_wconf 68' lang='lat' dir='ltr'>Christe</span> <span class='ocrx_word' id='word_1_150' title='bbox 978 1289 1071 1326; x_wconf 78' lang='lat' dir='ltr'>audi</span> <span class='ocrx_word' id='word_1_151' title='bbox 1097 1302 1175 1335; x_wconf 75' lang='lat' dir='ltr'>nos,</span> <span class='ocrx_word' id='word_1_152' title='bbox 1197 1289 1342 1326; x_wconf 90' lang='lat' dir='ltr'>deinde</span> <span class='ocrx_word' id='word_1_153' title='bbox 1371 1288 1516 1328; x_wconf 80' lang='lat' dir='ltr'>Sancta</span> <span class='ocrx_word' id='word_1_154' title='bbox 1535 1289 1671 1327; x_wconf 81' lang='lat' dir='ltr'>Maria</span> 
     </span>
     <span class='ocr_line' id='line_1_18' title="bbox 186 1351 1668 1403; baseline 0.001 -13"><span class='ocrx_word' id='word_1_155' title='bbox 186 1366 254 1390; x_wconf 85' lang='lat' dir='ltr'>ora</span> <span class='ocrx_word' id='word_1_156' title='bbox 274 1366 347 1403; x_wconf 71' lang='lat' dir='ltr'>pro</span> <span class='ocrx_word' id='word_1_157' title='bbox 366 1352 483 1399; x_wconf 76' lang='lat' dir='ltr'>nobis,</span> <span class='ocrx_word' id='word_1_158' title='bbox 504 1356 546 1389; x_wconf 91' lang='lat' dir='ltr'>et</span> <span class='ocrx_word' id='word_1_159' title='bbox 567 1356 731 1389; x_wconf 89' lang='lat' dir='ltr'>ceteros.</span> <span class='ocrx_word' id='word_1_160' title='bbox 790 1351 846 1389; x_wconf 89' lang='lat' dir='ltr'>Et</span> <span class='ocrx_word' id='word_1_161' title='bbox 872 1355 962 1401; x_wconf 87' lang='lat' dir='ltr'>post</span> <span class='ocrx_word' id='word_1_162' title='bbox 990 1352 1096 1401; x_wconf 87' lang='lat' dir='ltr'>ipsos</span> <span class='ocrx_word' id='word_1_163' title='bbox 1116 1351 1378 1401; x_wconf 69' lang='lat' dir='ltr'>egrediantur</span> <span class='ocrx_word' id='word_1_164' title='bbox 1407 1364 1544 1389; x_wconf 89' lang='lat' dir='ltr'>cruces</span> <span class='ocrx_word' id='word_1_165' title='bbox 1564 1351 1668 1392; x_wconf 87' lang='lat' dir='ltr'><strong>VII.</strong></span> 
     </span>
     <span class='ocr_line' id='line_1_19' title="bbox 186 1413 1668 1463; baseline -0.001 -11"><span class='ocrx_word' id='word_1_166' title='bbox 186 1415 460 1461; x_wconf 80' lang='lat' dir='ltr'>stacionarias,</span> <span class='ocrx_word' id='word_1_167' title='bbox 491 1417 702 1463; x_wconf 88' lang='lat' dir='ltr'>portantes</span> <span class='ocrx_word' id='word_1_168' title='bbox 731 1415 783 1451; x_wconf 91' lang='lat' dir='ltr'>ab</span> <span class='ocrx_word' id='word_1_169' title='bbox 803 1413 1061 1459; x_wconf 68' lang='lat' dir='ltr'>stauroforos,</span> <span class='ocrx_word' id='word_1_170' title='bbox 1084 1413 1236 1450; x_wconf 86' lang='lat' dir='ltr'>habens</span> <span class='ocrx_word' id='word_1_171' title='bbox 1262 1414 1306 1450; x_wconf 89' lang='lat' dir='ltr'>in</span> <span class='ocrx_word' id='word_1_172' title='bbox 1325 1426 1565 1463; x_wconf 89' lang='lat' dir='ltr'>unaquaque</span> <span class='ocrx_word' id='word_1_173' title='bbox 1584 1413 1668 1454; x_wconf 91' lang='lat' dir='ltr'>III.</span> 
     </span>
     <span class='ocr_line' id='line_1_20' title="bbox 186 1476 1669 1526; baseline 0.001 -13"><span class='ocrx_word' id='word_1_174' title='bbox 186 1490 371 1516; x_wconf 79' lang='lat' dir='ltr'>accensos</span> <span class='ocrx_word' id='word_1_175' title='bbox 392 1490 536 1515; x_wconf 88' lang='lat' dir='ltr'>cereos.</span> <span class='ocrx_word' id='word_1_176' title='bbox 597 1476 758 1514; x_wconf 83' lang='lat' dir='ltr'>Deinde</span> <span class='ocrx_word' id='word_1_177' title='bbox 786 1481 979 1514; x_wconf 90' lang='lat' dir='ltr'>secuntur</span> <span class='ocrx_word' id='word_1_178' title='bbox 1008 1476 1181 1526; x_wconf 82' lang='lat' dir='ltr'>episcopi</span> <span class='ocrx_word' id='word_1_179' title='bbox 1201 1476 1265 1513; x_wconf 88' lang='lat' dir='ltr'>vel</span> <span class='ocrx_word' id='word_1_180' title='bbox 1284 1477 1498 1525; x_wconf 71' lang='lat' dir='ltr'>presbiteri</span> <span class='ocrx_word' id='word_1_181' title='bbox 1518 1480 1561 1514; x_wconf 90' lang='lat' dir='ltr'>et</span> <span class='ocrx_word' id='word_1_182' title='bbox 1580 1477 1669 1514; x_wconf 83' lang='lat' dir='ltr'>sub-</span> 
     </span>
     <span class='ocr_line' id='line_1_21' title="bbox 186 1537 1668 1588; baseline -0.001 -11"><span class='ocrx_word' id='word_1_183' title='bbox 186 1540 355 1587; x_wconf 87' lang='lat' dir='ltr'>diaconi,</span> <span class='ocrx_word' id='word_1_184' title='bbox 377 1539 523 1577; x_wconf 89' lang='lat' dir='ltr'>deinde</span> <span class='ocrx_word' id='word_1_185' title='bbox 552 1538 738 1588; x_wconf 78' lang='lat' dir='ltr'>pontifex</span> <span class='ocrx_word' id='word_1_186' title='bbox 759 1552 849 1576; x_wconf 89' lang='lat' dir='ltr'>cum</span> <span class='ocrx_word' id='word_1_187' title='bbox 870 1538 1105 1575; x_wconf 78' lang='lat' dir='ltr'>diaconibus</span> <span class='ocrx_word' id='word_1_188' title='bbox 1125 1541 1167 1575; x_wconf 91' lang='lat' dir='ltr'>et</span> <span class='ocrx_word' id='word_1_189' title='bbox 1187 1537 1264 1575; x_wconf 90' lang='lat' dir='ltr'>due</span> <span class='ocrx_word' id='word_1_190' title='bbox 1293 1550 1427 1575; x_wconf 87' lang='lat' dir='ltr'>cruces</span> <span class='ocrx_word' id='word_1_191' title='bbox 1447 1542 1544 1576; x_wconf 87' lang='lat' dir='ltr'>ante</span> <span class='ocrx_word' id='word_1_192' title='bbox 1564 1551 1668 1585; x_wconf 88' lang='lat' dir='ltr'>eum,</span> 
     </span>
     <span class='ocr_line' id='line_1_22' title="bbox 186 1600 1670 1654; baseline -0.001 -14"><span class='ocrx_word' id='word_1_193' title='bbox 186 1607 397 1654; x_wconf 88' lang='lat' dir='ltr'>portantes</span> <span class='ocrx_word' id='word_1_194' title='bbox 418 1616 442 1639; x_wconf 89' lang='lat' dir='ltr'>a</span> <span class='ocrx_word' id='word_1_195' title='bbox 462 1601 772 1639; x_wconf 86' lang='lat' dir='ltr'>subdiaconibus</span> <span class='ocrx_word' id='word_1_196' title='bbox 792 1605 833 1638; x_wconf 89' lang='lat' dir='ltr'>et</span> <span class='ocrx_word' id='word_1_197' title='bbox 853 1600 1163 1637; x_wconf 79' lang='lat' dir='ltr'>timiamasteria</span> <span class='ocrx_word' id='word_1_198' title='bbox 1191 1603 1408 1649; x_wconf 87' lang='lat' dir='ltr'>portantur</span> <span class='ocrx_word' id='word_1_199' title='bbox 1427 1613 1452 1637; x_wconf 86' lang='lat' dir='ltr'>a</span> <span class='ocrx_word' id='word_1_200' title='bbox 1470 1601 1670 1638; x_wconf 87' lang='lat' dir='ltr'>mansion-</span> 
     </span>
     <span class='ocr_line' id='line_1_23' title="bbox 186 1661 1670 1714; baseline -0.001 -11"><span class='ocrx_word' id='word_1_201' title='bbox 186 1667 281 1703; x_wconf 85' lang='lat' dir='ltr'>ariis</span> <span class='ocrx_word' id='word_1_202' title='bbox 307 1666 507 1711; x_wconf 87' lang='lat' dir='ltr'>ecclesiae,</span> <span class='ocrx_word' id='word_1_203' title='bbox 528 1668 570 1701; x_wconf 90' lang='lat' dir='ltr'>et</span> <span class='ocrx_word' id='word_1_204' title='bbox 590 1664 696 1701; x_wconf 90' lang='lat' dir='ltr'>scola</span> <span class='ocrx_word' id='word_1_205' title='bbox 724 1667 815 1714; x_wconf 92' lang='lat' dir='ltr'>post</span> <span class='ocrx_word' id='word_1_206' title='bbox 843 1662 1073 1713; x_wconf 88' lang='lat' dir='ltr'>pontificem</span> <span class='ocrx_word' id='word_1_207' title='bbox 1102 1662 1322 1712; x_wconf 87' lang='lat' dir='ltr'>psallendo,</span> <span class='ocrx_word' id='word_1_208' title='bbox 1344 1663 1414 1699; x_wconf 84' lang='lat' dir='ltr'>etl</span> <span class='ocrx_word' id='word_1_209' title='bbox 1445 1661 1541 1700; x_wconf 90' lang='lat' dir='ltr'>dum</span> <span class='ocrx_word' id='word_1_210' title='bbox 1569 1676 1670 1701; x_wconf 85' lang='lat' dir='ltr'>com-</span> 
     </span>
     <span class='ocr_line' id='line_1_24' title="bbox 186 1724 1671 1778; baseline -0.001 -12"><span class='ocrx_word' id='word_1_211' title='bbox 186 1729 297 1778; x_wconf 88' lang='lat' dir='ltr'>pleta</span> <span class='ocrx_word' id='word_1_212' title='bbox 334 1741 415 1766; x_wconf 90' lang='lat' dir='ltr'>non</span> <span class='ocrx_word' id='word_1_213' title='bbox 456 1730 649 1776; x_wconf 88' lang='lat' dir='ltr'>repetunt</span> <span class='ocrx_word' id='word_1_214' title='bbox 690 1726 905 1776; x_wconf 81' lang='lat' dir='ltr'>presbiteri</span> <span class='ocrx_word' id='word_1_215' title='bbox 943 1725 1006 1762; x_wconf 90' lang='lat' dir='ltr'>vel</span> <span class='ocrx_word' id='word_1_216' title='bbox 1045 1724 1279 1762; x_wconf 87' lang='lat' dir='ltr'>subdiaconi</span> <span class='ocrx_word' id='word_1_217' title='bbox 1315 1725 1387 1774; x_wconf 86' lang='lat' dir='ltr'>qui</span> <span class='ocrx_word' id='word_1_218' title='bbox 1424 1725 1671 1764; x_wconf 80' lang='lat' dir='ltr'>antecedunt</span> 
     </span>
     <span class='ocr_line' id='line_1_25' title="bbox 186 1787 1670 1842; baseline -0.002 -13"><span class='ocrx_word' id='word_1_219' title='bbox 186 1791 439 1842; x_wconf 87' lang='lat' dir='ltr'>pontificem:</span> <span class='ocrx_word' id='word_1_220' title='bbox 479 1794 520 1827; x_wconf 92' lang='lat' dir='ltr'>et</span> <span class='ocrx_word' id='word_1_221' title='bbox 558 1789 929 1839; x_wconf 84' lang='lat' dir='ltr'>adpropinquantes</span> <span class='ocrx_word' id='word_1_222' title='bbox 972 1788 1137 1825; x_wconf 88' lang='lat' dir='ltr'>ecclesia</span> <span class='ocrx_word' id='word_1_223' title='bbox 1176 1788 1314 1837; x_wconf 88' lang='lat' dir='ltr'>prima,</span> <span class='ocrx_word' id='word_1_224' title='bbox 1357 1787 1552 1826; x_wconf 90' lang='lat' dir='ltr'>inchoant</span> <span class='ocrx_word' id='word_1_225' title='bbox 1589 1789 1670 1826; x_wconf 86' lang='lat' dir='ltr'>lae-</span> 
     </span>
     <span class='ocr_line' id='line_1_26' title="bbox 186 1849 1666 1900; baseline -0.001 -8"><span class='ocrx_word' id='word_1_226' title='bbox 186 1856 354 1892; x_wconf 80' lang='lat' dir='ltr'>taniam.</span> <span class='ocrx_word' id='word_1_227' title='bbox 412 1854 468 1891; x_wconf 88' lang='lat' dir='ltr'>Et</span> <span class='ocrx_word' id='word_1_228' title='bbox 498 1853 663 1890; x_wconf 83' lang='lat' dir='ltr'>interim</span> <span class='ocrx_word' id='word_1_229' title='bbox 697 1851 793 1889; x_wconf 90' lang='lat' dir='ltr'>dum</span> <span class='ocrx_word' id='word_1_230' title='bbox 826 1851 1007 1888; x_wconf 78' lang='lat' dir='ltr'>dixerint</span> <span class='ocrx_word' id='word_1_231' title='bbox 1040 1851 1218 1887; x_wconf 88' lang='lat' dir='ltr'>laetania</span> <span class='ocrx_word' id='word_1_232' title='bbox 1250 1849 1301 1887; x_wconf 91' lang='lat' dir='ltr'>ad</span> <span class='ocrx_word' id='word_1_233' title='bbox 1332 1850 1439 1888; x_wconf 78' lang='lat' dir='ltr'>fores</span> <span class='ocrx_word' id='word_1_234' title='bbox 1469 1851 1666 1900; x_wconf 87' lang='lat' dir='ltr'>ecclesiae,</span> 
     </span>
     <span class='ocr_line' id='line_1_27' title="bbox 186 1915 1669 1969; baseline -0.003 -11"><span class='ocrx_word' id='word_1_235' title='bbox 186 1922 317 1958; x_wconf 84' lang='lat' dir='ltr'>intrat</span> <span class='ocrx_word' id='word_1_236' title='bbox 346 1918 545 1969; x_wconf 80' lang='lat' dir='ltr'>pontifex,</span> <span class='ocrx_word' id='word_1_237' title='bbox 567 1916 794 1955; x_wconf 85' lang='lat' dir='ltr'>sacerdotes</span> <span class='ocrx_word' id='word_1_238' title='bbox 818 1917 882 1953; x_wconf 80' lang='lat' dir='ltr'>vel</span> <span class='ocrx_word' id='word_1_239' title='bbox 911 1915 1069 1953; x_wconf 85' lang='lat' dir='ltr'>diaconi</span> <span class='ocrx_word' id='word_1_240' title='bbox 1096 1916 1140 1952; x_wconf 90' lang='lat' dir='ltr'>in</span> <span class='ocrx_word' id='word_1_241' title='bbox 1169 1915 1336 1953; x_wconf 86' lang='lat' dir='ltr'>ecclesia</span> <span class='ocrx_word' id='word_1_242' title='bbox 1364 1915 1416 1953; x_wconf 88' lang='lat' dir='ltr'>ad</span> <span class='ocrx_word' id='word_1_243' title='bbox 1445 1917 1669 1954; x_wconf 86' lang='lat' dir='ltr'>orationem</span> 
     </span>
     <span class='ocr_line' id='line_1_28' title="bbox 186 1978 1670 2030; baseline -0.002 -9"><span class='ocrx_word' id='word_1_244' title='bbox 186 1987 228 2021; x_wconf 91' lang='lat' dir='ltr'>et</span> <span class='ocrx_word' id='word_1_245' title='bbox 248 1985 463 2020; x_wconf 86' lang='lat' dir='ltr'>revertunt</span> <span class='ocrx_word' id='word_1_246' title='bbox 483 1981 534 2018; x_wconf 90' lang='lat' dir='ltr'>ad</span> <span class='ocrx_word' id='word_1_247' title='bbox 554 1980 712 2018; x_wconf 85' lang='lat' dir='ltr'>scolam.</span> <span class='ocrx_word' id='word_1_248' title='bbox 771 1979 826 2016; x_wconf 88' lang='lat' dir='ltr'>Et</span> <span class='ocrx_word' id='word_1_249' title='bbox 846 1979 1157 2029; x_wconf 88' lang='lat' dir='ltr'>percompletam</span> <span class='ocrx_word' id='word_1_250' title='bbox 1186 1979 1393 2027; x_wconf 87' lang='lat' dir='ltr'>letaniam,</span> <span class='ocrx_word' id='word_1_251' title='bbox 1414 1978 1514 2016; x_wconf 85' lang='lat' dir='ltr'>dicit</span> <span class='ocrx_word' id='word_1_252' title='bbox 1540 1981 1670 2030; x_wconf 91' lang='lat' dir='ltr'>ponti-</span> 
     </span>
     <span class='ocr_line' id='line_1_29' title="bbox 185 2040 1669 2092; baseline -0.003 -8"><span class='ocrx_word' id='word_1_253' title='bbox 185 2046 255 2084; x_wconf 80' lang='lat' dir='ltr'>fex</span> <span class='ocrx_word' id='word_1_254' title='bbox 284 2045 471 2083; x_wconf 71' lang='lat' dir='ltr'>Dominus</span> <span class='ocrx_word' id='word_1_255' title='bbox 500 2043 685 2081; x_wconf 76' lang='lat' dir='ltr'>vobiscum</span> <span class='ocrx_word' id='word_1_256' title='bbox 714 2046 756 2080; x_wconf 94' lang='lat' dir='ltr'>et</span> <span class='ocrx_word' id='word_1_257' title='bbox 780 2042 962 2088; x_wconf 73' lang='lat' dir='ltr'>Oremu35</span> <span class='ocrx_word' id='word_1_258' title='bbox 992 2045 1034 2078; x_wconf 90' lang='lat' dir='ltr'>et</span> <span class='ocrx_word' id='word_1_259' title='bbox 1053 2040 1244 2079; x_wconf 86' lang='lat' dir='ltr'>diaconus</span> <span class='ocrx_word' id='word_1_260' title='bbox 1273 2041 1490 2079; x_wconf 75' lang='lat' dir='ltr'>Flectamus</span> <span class='ocrx_word' id='word_1_261' title='bbox 1517 2056 1669 2092; x_wconf 61' lang='lat' dir='ltr'>(jenua,-</span> 
     </span>
     <span class='ocr_line' id='line_1_30' title="bbox 185 2104 1670 2159; baseline -0.003 -12"><span class='ocrx_word' id='word_1_262' title='bbox 185 2114 227 2147; x_wconf 90' lang='lat' dir='ltr'>et</span> <span class='ocrx_word' id='word_1_263' title='bbox 254 2112 345 2159; x_wconf 87' lang='lat' dir='ltr'>post</span> <span class='ocrx_word' id='word_1_264' title='bbox 374 2107 584 2157; x_wconf 82' lang='lat' dir='ltr'>paululum</span> <span class='ocrx_word' id='word_1_265' title='bbox 614 2105 769 2144; x_wconf 76' lang='lat' dir='ltr'>Levate.</span> <span class='ocrx_word' id='word_1_266' title='bbox 827 2104 882 2141; x_wconf 86' lang='lat' dir='ltr'>Et</span> <span class='ocrx_word' id='word_1_267' title='bbox 912 2105 1095 2153; x_wconf 86' lang='lat' dir='ltr'>sequitur</span> <span class='ocrx_word' id='word_1_268' title='bbox 1123 2105 1253 2141; x_wconf 87' lang='lat' dir='ltr'>oratio</span> <span class='ocrx_word' id='word_1_269' title='bbox 1273 2118 1297 2141; x_wconf 91' lang='lat' dir='ltr'>a</span> <span class='ocrx_word' id='word_1_270' title='bbox 1315 2105 1515 2153; x_wconf 89' lang='lat' dir='ltr'>pontifice.</span> <span class='ocrx_word' id='word_1_271' title='bbox 1574 2105 1670 2143; x_wconf 87' lang='lat' dir='ltr'>Ora-</span> 
     </span>
     <span class='ocr_line' id='line_1_31' title="bbox 186 2166 1668 2220; baseline -0.002 -11"><span class='ocrx_word' id='word_1_272' title='bbox 186 2173 296 2209; x_wconf 88' lang='lat' dir='ltr'>tione</span> <span class='ocrx_word' id='word_1_273' title='bbox 316 2171 487 2220; x_wconf 84' lang='lat' dir='ltr'>expleta‚</span> <span class='ocrx_word' id='word_1_274' title='bbox 506 2169 654 2205; x_wconf 88' lang='lat' dir='ltr'>annuit</span> <span class='ocrx_word' id='word_1_275' title='bbox 673 2171 721 2205; x_wconf 90' lang='lat' dir='ltr'>ut</span> <span class='ocrx_word' id='word_1_276' title='bbox 742 2168 901 2205; x_wconf 88' lang='lat' dir='ltr'>dicatur</span> <span class='ocrx_word' id='word_1_277' title='bbox 922 2168 1002 2203; x_wconf 86' lang='lat' dir='ltr'>alia</span> <span class='ocrx_word' id='word_1_278' title='bbox 1017 2167 1250 2216; x_wconf 85' lang='lat' dir='ltr'>antiphona.</span> <span class='ocrx_word' id='word_1_279' title='bbox 1302 2166 1497 2204; x_wconf 84' lang='lat' dir='ltr'>Similiter</span> <span class='ocrx_word' id='word_1_280' title='bbox 1514 2167 1668 2206; x_wconf 75' lang='lat' dir='ltr'>faciant</span> 
     </span>
     <span class='ocr_line' id='line_1_32' title="bbox 189 2229 1114 2284; baseline -0.005 -13"><span class='ocrx_word' id='word_1_281' title='bbox 189 2247 260 2284; x_wconf 87' lang='lat' dir='ltr'>per</span> <span class='ocrx_word' id='word_1_282' title='bbox 280 2246 439 2271; x_wconf 88' lang='lat' dir='ltr'>omnem</span> <span class='ocrx_word' id='word_1_283' title='bbox 459 2232 666 2269; x_wconf 87' lang='lat' dir='ltr'>ecclesiam</span> <span class='ocrx_word' id='word_1_284' title='bbox 686 2231 757 2268; x_wconf 89' lang='lat' dir='ltr'>ubi</span> <span class='ocrx_word' id='word_1_285' title='bbox 776 2229 1023 2268; x_wconf 86' lang='lat' dir='ltr'>consuetudo</span> <span class='ocrx_word' id='word_1_286' title='bbox 1042 2234 1114 2267; x_wconf 86' lang='lat' dir='ltr'>est.</span> 
     </span>
    </p>

    <p class='ocr_par' dir='ltr' id='par_1_3' title="bbox 190 2291 1669 2405">
     <span class='ocr_line' id='line_1_33' title="bbox 270 2291 1669 2342; baseline -0.001 -9"><span class='ocrx_word' id='word_1_287' title='bbox 270 2295 371 2334; x_wconf 86' lang='lat' dir='ltr'>Oum</span> <span class='ocrx_word' id='word_1_288' title='bbox 403 2298 539 2331; x_wconf 85' lang='lat' dir='ltr'>autem</span> <span class='ocrx_word' id='word_1_289' title='bbox 578 2292 988 2342; x_wconf 83' lang='lat' dir='ltr'>adpropinquaverint</span> <span class='ocrx_word' id='word_1_290' title='bbox 1026 2292 1177 2328; x_wconf 86' lang='lat' dir='ltr'>atrium</span> <span class='ocrx_word' id='word_1_291' title='bbox 1215 2291 1404 2329; x_wconf 88' lang='lat' dir='ltr'>ecclesiae</span> <span class='ocrx_word' id='word_1_292' title='bbox 1440 2292 1510 2329; x_wconf 93' lang='lat' dir='ltr'>ubi</span> <span class='ocrx_word' id='word_1_293' title='bbox 1544 2294 1669 2332; x_wconf 83' lang='lat' dir='ltr'>statio</span> 
     </span>
     <span class='ocr_line' id='line_1_34' title="bbox 190 2353 1667 2405; baseline -0.001 -10"><span class='ocrx_word' id='word_1_294' title='bbox 190 2358 437 2395; x_wconf 89' lang='lat' dir='ltr'>denuntiata</span> <span class='ocrx_word' id='word_1_295' title='bbox 466 2360 540 2402; x_wconf 92' lang='lat' dir='ltr'>est,</span> <span class='ocrx_word' id='word_1_296' title='bbox 560 2355 708 2392; x_wconf 87' lang='lat' dir='ltr'>annuit</span> <span class='ocrx_word' id='word_1_297' title='bbox 737 2354 921 2404; x_wconf 82' lang='lat' dir='ltr'>pontifex</span> <span class='ocrx_word' id='word_1_298' title='bbox 950 2355 994 2391; x_wconf 89' lang='lat' dir='ltr'>in</span> <span class='ocrx_word' id='word_1_299' title='bbox 1023 2354 1196 2391; x_wconf 78' lang='lat' dir='ltr'>sacrario</span> <span class='ocrx_word' id='word_1_300' title='bbox 1225 2357 1267 2390; x_wconf 90' lang='lat' dir='ltr'>et</span> <span class='ocrx_word' id='word_1_301' title='bbox 1285 2353 1442 2391; x_wconf 83' lang='lat' dir='ltr'>diaconi</span> <span class='ocrx_word' id='word_1_302' title='bbox 1462 2367 1551 2392; x_wconf 88' lang='lat' dir='ltr'>cum</span> <span class='ocrx_word' id='word_1_303' title='bbox 1569 2356 1667 2405; x_wconf 86' lang='lat' dir='ltr'>ipso.</span> 
     </span>
    </p>
   </div>
   <div class='ocr_carea' id='block_1_3' title="bbox 687 2507 1242 2609">
    <p class='ocr_par' dir='ltr' id='par_1_4' title="bbox 687 2507 1242 2609">
     <span class='ocr_line' id='line_1_35' title="bbox 701 2507 1242 2554; baseline 0.002 -12"><span class='ocrx_word' id='word_1_304' title='bbox 701 2508 740 2553; x_wconf 90' lang='lat' dir='ltr'>(i)</span> <span class='ocrx_word' id='word_1_305' title='bbox 768 2511 910 2554; x_wconf 85' lang='lat' dir='ltr'>portant</span> <span class='ocrx_word' id='word_1_306' title='bbox 929 2519 1008 2542; x_wconf 82' lang='lat' dir='ltr'>eam</span> <span class='ocrx_word' id='word_1_307' title='bbox 1025 2507 1242 2543; x_wconf 83' lang='lat' dir='ltr'>subdiaconi.</span> 
     </span>
     <span class='ocr_line' id='line_1_36' title="bbox 687 2563 872 2609; baseline 0.005 -11"><span class='ocrx_word' id='word_1_308' title='bbox 687 2564 739 2609; x_wconf 85' lang='lat' dir='ltr'>(ii)</span> <span class='ocrx_word' id='word_1_309' title='bbox 767 2563 872 2599; x_wconf 80' lang='lat' dir='ltr'>scola.</span> 
     </span>
    </p>
   </div>
   <div class='ocr_carea' id='block_1_4' title="bbox 728 2709 1118 2750">
    <p class='ocr_par' dir='ltr' id='par_1_5' title="bbox 728 2709 1118 2750">
     <span class='ocr_line' id='line_1_37' title="bbox 728 2709 1118 2750; baseline 0 -9"><span class='ocrx_word' id='word_1_310' title='bbox 728 2709 740 2729; x_wconf 77' lang='lat'>¹</span> <span class='ocrx_word' id='word_1_311' title='bbox 763 2710 795 2741; x_wconf 87' lang='lat' dir='ltr'>A</span> <span class='ocrx_word' id='word_1_312' title='bbox 813 2711 948 2750; x_wconf 86' lang='lat' dir='ltr'>corrupt</span> <span class='ocrx_word' id='word_1_313' title='bbox 965 2719 1118 2750; x_wconf 79' lang='lat' dir='ltr'>passage.</span> 
     </span>
    </p>
   </div>
  </div>
 </body>
</html>
