1747 3121
578 211 778 243 CANONES
808 212 1048 248 HIPPOLYTL
1471 208 1553 253 537

83 311 287 349 ecclesiam
325 325 391 350 eas
429 312 585 350 deferat
602 313 758 360 3—187.
791 314 927 351 eodem
964 313 1080 352 modo
1121 314 1320 364 primitias
1356 328 1473 353 areae
1510 321 1552 354 et

82 374 281 423 primitias
322 375 597 421 torcularium,
637 375 725 420 olei,
763 376 903 423 mellis,
935 376 1061 422 Iactis,
1100 376 1217 414 lanae
1266 381 1307 414 et
1353 378 1552 427 primitias

83 430 273 472 mercedis
309 448 381 485 pro
428 436 564 473 labore
601 450 804 474 manuum.
878 437 992 475 Haec
1030 438 1163 475 omnia
1214 439 1452 477 deferantur
1499 441 1550 478 ad

82 497 308 547 episcopum
347 511 435 535 cum
471 498 661 547 primitiis
689 500 1035 537 arborum—188.
1066 500 1258 538 Sacerdos
1305 505 1443 539 autem
1480 503 1549 552 qui

80 559 152 596 illa
187 561 341 609 recipit,
387 565 482 597 ante
529 561 662 597 omnia
703 574 821 610 super
860 562 939 598 illis
979 563 1133 611 gratias
1176 566 1272 612 agat
1316 564 1404 601 Deo
1433 568 1550 601 extra

80 623 224 669 velum,
245 623 435 660 adstante
455 635 500 660 eo
520 624 588 672 qui
607 623 676 660 illa
696 624 852 663 attulit.
910 624 1101 662 Sacerdos
1129 629 1265 663 autem
1285 626 1340 664 sic
1360 626 1469 663 dicat
1487 641 1551 664 :—

84 684 171 724 189.
205 685 402 722 “Gratias
433 685 585 734 agimus
615 685 702 731 tibi,
737 686 987 735 omnipotens
1019 687 1202 734 Domine,
1230 688 1349 734 Deus,
1381 689 1449 738 qui
1476 702 1548 727 nos

79 747 212 785 fecisti
243 747 383 797 dignos
422 748 490 797 qui
531 747 602 784 hos
640 747 797 785 fructus
826 748 1030 786 videamus
1063 762 1161 799 quas
1198 754 1308 788 terra
1335 750 1409 788 hoc
1442 765 1550 790 anno

80 809 430 859 produxit—190,
462 809 639 846 Benedic
668 822 743 856 eos,
765 823 788 847 0
811 810 996 857 Domine,
1019 812 1123 848 sicut
1152 824 1338 849 coronam
1366 813 1462 849 anni
1488 814 1551 850 tui

79 871 298 909 secundum
316 871 609 920 benignitatem
639 875 762 918 tuam,
794 873 954 922 sintque
973 872 1025 910 ad
1053 874 1285 912 satietatem
1304 876 1547 924 pauperibus

78 934 216 983 populi
252 933 476 971 tui—191.
508 933 563 970 Et
605 946 764 971 servum
800 938 918 972 tuum
956 934 1010 973 N.
1058 936 1127 985 qui
1164 936 1262 974 haee
1307 938 1458 975 obtulit
1499 951 1548 975 ex

78 997 219 1046 opibus
250 996 334 1033 tuis
364 997 458 1046 quia
487 997 605 1033 timet
642 996 844 1042 ‘oa—192.
873 996 1040 1034 benedic
1078 1011 1168 1036 eum
1206 999 1255 1036 de
1292 1000 1400 1037 coelo
1438 1013 1549 1038 sacro

78 1062 150 1096 tuo
177 1071 259 1095 una
285 1071 374 1095 cum
403 1058 519 1095 domo
544 1062 586 1094 et
611 1058 704 1094 filiis
730 1058 817 1106 ejus
843 1062 885 1095 et
907 1059 1065 1097 effunde
1095 1073 1214 1110 super
1244 1074 1309 1099 eos
1332 1063 1549 1100 misericor-

78 1121 186 1159 diam
218 1125 261 1159 et
291 1121 464 1170 gratiam
502 1125 615 1157 tuam
654 1133 817 1167 sacram,
857 1125 904 1158 ut
942 1122 1044 1158 sciat
1081 1122 1333 1161 Voluntatem
1362 1128 1476 1161 tuam
1506 1125 1550 1162 in

77 1185 260 1222 omnibus
282 1183 563 1221 rebus—193.
594 1183 650 1219 Et
668 1183 733 1220 fac
753 1188 800 1220 ut
820 1183 1070 1222 haereditate
1092 1186 1260 1235 accipiat
1289 1186 1332 1223 id
1360 1187 1464 1236 quod
1487 1191 1548 1224 est

77 1247 120 1284 in
157 1246 288 1294 coelis,
319 1258 390 1295 per
427 1245 464 1282 d.
500 1258 538 1282 n.
572 1244 612 1283 J.
654 1244 699 1284 O.
738 1245 866 1283 filium
900 1249 1015 1283 tuum
1054 1247 1244 1285 dilectum
1278 1252 1319 1286 et
1353 1249 1548 1298 Spiritum

77 1312 261 1346 sanctum
286 1308 330 1345 in
356 1308 513 1345 saecula
539 1307 797 1345 saeculorum.
854 1308 1171 1348 Amen.⁷’—19Jc.
1200 1310 1256 1347 Et
1285 1312 1418 1349 omnia
1443 1312 1548 1361 legu-

76 1371 186 1408 mina
213 1374 347 1408 terrae
380 1370 590 1419 omniaque
619 1382 736 1419 poma
769 1369 957 1408 arborum
987 1374 1030 1408 et
1059 1384 1194 1409 omnes
1227 1372 1384 1410 fructus
1413 1378 1546 1411 terrae

78 1436 447 1481 cucumerariorum,
481 1434 648 1472 benedic
679 1447 737 1481 ea,
769 1439 892 1485 atque
926 1435 1049 1472 etiam
1077 1449 1142 1473 eos
1175 1437 1243 1486 qui
1269 1438 1444 1476 afferunt
1477 1439 1547 1476 illa

76 1497 255 1537 benedic,

160 1559 247 1596 195.
281 1557 514 1595 Hebdomas
553 1571 634 1608 qua
660 1558 794 1595 ludaei
821 1557 976 1595 Pascha
1004 1562 1131 1609 agunt
1160 1560 1211 1597 ab
1250 1560 1358 1597 omni
1400 1562 1545 1611 populo

76 1632 228 1657 summo
272 1632 361 1656 cum
399 1619 534 1656 studio
576 1620 822 1665 observetur,
863 1624 1113 1669 caveantque
1150 1620 1342 1670 imprimis
1380 1626 1426 1658 ut
1464 1623 1544 1660 illis

76 1681 216 1719 diebus
248 1681 377 1731 jejuni
404 1684 596 1718 maneant
622 1682 674 1718 ab
706 1681 814 1718 omni
842 1681 1072 1730 cupiditate,
1098 1683 1158 1719 ita
1185 1686 1232 1720 ut
1260 1683 1304 1719 in
1332 1684 1440 1720 omni
1468 1697 1545 1721 ser-

75 1756 191 1781 mone
210 1756 292 1780 non
311 1743 531 1793 loquantur
559 1756 649 1780 cum
674 1743 856 1788 tristitia,
870 1743 1007 1781 —196.
1038 1744 1133 1793 quia
1162 1748 1313 1781 norunt
1342 1745 1544 1784 dominum

75 1806 252 1844 universi
279 1805 562 1853 impassibilem
587 1818 658 1854 pro
686 1805 801 1842 nobis
820 1818 979 1854 passum
1010 1818 1095 1844 esse
1121 1818 1167 1844 eo
1194 1810 1373 1855 tempore
1401 1811 1447 1844 ut
1472 1821 1545 1846 nos

74 1871 274 1921 patientes
306 1870 522 1907 toleremus
560 1869 714 1907 dolores
745 1870 892 1919 quibus
922 1870 1085 1907 liberari
1117 1872 1311 1920 possimus
1346 1871 1426 1908 illis
1463 1876 1546 1910 tor-

74 1933 222 1970 mentis
259 1944 362 1982 quae
391 1937 556 1980 propter
599 1935 766 1981 peccata
799 1935 938 1968 nostra
975 1933 1217 1980 meruimus3
1257 1937 1383 1982 utque
1420 1935 1543 1973 etiam

74 1997 287 2046 participes
307 1995 405 2031 facti
426 1995 604 2032 dolorum
625 2007 723 2044 quos
742 2007 814 2044 pro
834 1995 948 2032 nobis
973 1996 1158 2044 suscepit,
1179 1996 1394 2045 participes
1423 1998 1545 2036 simus

74 2059 188 2107 regni
207 2057 452 2106 ejus—197.
484 2056 608 2094 Cibus
639 2060 774 2094 autem
793 2057 865 2106 qui
891 2060 1071 2105 tempore
1102 2057 1247 2108 Πάσχα
1270 2058 1458 2095 convenit
1483 2064 1544 2097 est

74 2121 189 2170 panis
209 2132 299 2156 cum
318 2119 401 2156 solo
421 2119 502 2155 sale
522 2122 563 2155 et
583 2118 847 2167 aqua—198.
881 2117 923 2155 Si
944 2118 1033 2168 quis
1053 2118 1191 2156 morbo
1211 2119 1378 2156 affectus
1398 2124 1459 2157 est
1477 2122 1541 2159 vel

74 2181 159 2219 ruri
184 2181 310 2217 vitam
338 2180 423 2229 agit
443 2179 513 2216 ubi
533 2179 772 2216 christianos
791 2192 872 2217 non
891 2180 1015 2225 novit,
1048 2180 1108 2216 ita
1127 2183 1174 2217 ut
1200 2184 1378 2229 tempore
1399 2183 1545 2234 Πάσχα

73 2243 253 2281 laetitiae
290 2254 332 2278 se
368 2241 580 2290 permittat
615 2242 803 2290 ignorans
841 2241 1058 2277 terminum
1096 2241 1193 2289 ejua
1235 2242 1300 2279 vel
1337 2243 1372 2279 si
1408 2244 1545 2282 morbo

74 2310 252 2345 extremo
293 2308 453 2342 coactus
496 2308 567 2349 est,
609 2303 652 2340 hi
689 2316 824 2341 omnes
854 2303 1039 2352 jejunent
1077 2307 1167 2352 post
1201 2303 1468 2342 Pentecosten
1501 2311 1544 2345 et

74 2368 220 2419 Πάσχα
256 2367 438 2416 religiose
467 2366 693 2412 observent,
732 2368 779 2402 ut
809 2369 1002 2414 appareat
1029 2377 1164 2402 eorum
1193 2365 1378 2403 intimam
1411 2368 1545 2406 inten-

73 2432 223 2468 tionem
242 2441 324 2466 non
342 2441 429 2466 eam
448 2427 572 2464 fuisse
591 2431 638 2464 ut
666 2428 825 2476 abjecto
845 2427 987 2464 timore
1006 2430 1047 2464 et
1074 2428 1258 2476 neglecto
1277 2429 1433 2478 jejunio
1459 2443 1545 2479 pro-

74 2493 203 2542 prium
224 2492 300 2529 sibi
320 2491 612 2529 constituerent
632 2489 785 2540 Πάσχα,
808 2493 1002 2539 ponentes
1031 2488 1340 2528 fundamentum
1369 2491 1479 2529 aliud
1498 2505 1544 2530 ao

75 2554 181 2605 quod
199 2555 373 2604 positum
392 2556 466 2592 est.

159 2617 246 2655 199.
278 2616 340 2654 Sit
378 2616 568 2653 diaconus
608 2614 678 2663 qui
717 2613 942 2664 episcopum
976 2614 1188 2652 comitetur
1225 2615 1332 2652 omni
1368 2619 1544 2665 tempore
