1747 3121
803 757 839 794 2„

175 927 257 953 THE
286 927 431 954 ROMAN
460 927 566 954 ORDO
596 928 674 955 FOR
701 929 783 955 THE
813 930 949 956 THREE
979 931 1080 958 DAYS
1110 931 1266 958 BEFORE
1296 931 1456 958 EASTER.

80 1054 157 1089 The
175 1053 375 1089 celebrated
395 1055 610 1101 manuscript
627 1055 667 1090 of
687 1056 885 1091 Einsiedlen
914 1059 1102 1102 (Einsiedl.
1126 1059 1210 1104 326)
1229 1061 1397 1105 contains,
1417 1073 1544 1107 among

173 1108 275 1143 other
290 1109 417 1154 things,
436 1121 456 1143 a
472 1108 647 1154 fragment
672 1110 711 1144 of
731 1111 791 1146 the
823 1111 919 1146 Ordo
940 1113 1123 1148 Romanus
1141 1113 1281 1159 dealing
1298 1115 1383 1149 with
1400 1116 1461 1150 the
1479 1116 1545 1151 last

171 1163 270 1198 three
287 1163 373 1208 days
391 1163 430 1198 of
443 1163 538 1208 Holy
555 1164 680 1200 Week.
732 1165 808 1200 The
826 1166 1036 1212 description
1048 1168 1152 1212 given
1165 1168 1302 1203 therein
1320 1169 1359 1204 of
1371 1170 1431 1205 the
1452 1182 1548 1207 cere-

172 1219 307 1254 monies
329 1219 446 1254 differs
471 1219 507 1253 in
532 1219 665 1254 certain
695 1225 852 1267 respects
878 1221 968 1256 from
996 1223 1073 1257 that
1099 1223 1208 1257 found
1240 1224 1275 1258 in
1305 1225 1406 1259 other
1439 1230 1545 1262 texts.

173 1273 192 1307 I
218 1273 412 1319 reproduce
438 1273 467 1308 it
493 1274 578 1308 here
607 1275 793 1320 according
820 1280 857 1311 to
882 1277 943 1312 the
966 1277 1097 1312 edition
1123 1277 1162 1312 of
1185 1278 1220 1312 J.
1248 1279 1288 1313 B.
1319 1279 1362 1314 de
1386 1280 1485 1315 Rossi
1509 1282 1544 1316 in

170 1329 240 1364 vol.
258 1330 293 1364 ii.
312 1328 351 1364 of
368 1329 422 1364 his
440 1330 695 1375 Inscriptiones
724 1332 947 1367 Christianae
971 1333 1071 1367 Urbis
1090 1333 1231 1377 Romae,
1251 1334 1334 1368 Part
1351 1334 1391 1379 L,
1410 1347 1442 1380 p.
1462 1337 1519 1373 34.

154 1469 241 1506 Fer.
283 1468 336 1506 V.
376 1467 446 1505 Ad
493 1469 740 1506 matutinum
777 1482 859 1506 non
909 1469 1050 1507 dicunt
1092 1470 1259 1509 Domine
1304 1471 1409 1509 labia
1459 1487 1542 1511 mea

73 1544 145 1569 nec
194 1530 514 1581 invita(t0)rium
563 1543 692 1581 neque
743 1530 876 1568 Gloria
934 1530 984 1567 ad
1028 1532 1235 1580 psalmum,
1293 1547 1421 1583 neque
1483 1535 1541 1572 Tu

73 1593 239 1645 aut(em)
265 1593 427 1630 Domine
455 1605 527 1629 nec
554 1593 775 1630 orationem
804 1605 932 1642 neque
961 1593 1191 1632 Kirieleison
1219 1608 1289 1643 per
1316 1595 1537 1641 circuitum,

72 1655 141 1693 sed
189 1659 353 1692 tantum
401 1653 570 1692 Christus
607 1654 742 1703 factus
786 1660 839 1692 est
881 1668 954 1705 pro
1003 1656 1114 1693 nobis.
1174 1656 1281 1693 Item
1318 1657 1368 1693 ad
1406 1658 1539 1696 missa.

73 1717 188 1755 Hora
225 1719 339 1768 quasi
383 1718 553 1767 septima
565 1717 593 1741 (ἰ)
631 1717 837 1766 egreditur
874 1718 1112 1766 apostolicus
1151 1719 1198 1756 de
1247 1719 1458 1756 Lateranis
1501 1726 1542 1756 et

71 1780 278 1817 descendit
307 1793 376 1829 per
420 1783 604 1817 sanctum
640 1779 668 1816 J
670 1779 867 1816 ohannem
897 1780 948 1817 ad
981 1781 1238 1818 secretarium
1270 1785 1312 1817 et
1342 1781 1540 1832 diac(oni)

71 1846 112 1879 et
132 1840 404 1892 subdiac(oni)
433 1854 523 1878 cum
555 1841 729 1890 planetis
755 1845 850 1877 ante
874 1842 1003 1890 ipsum
1029 1855 1153 1891 usque
1179 1842 1229 1879 ad
1253 1843 1540 1892 secretarium3

69 1908 328 1954 posteaquam
348 1903 397 1940 de
416 1904 630 1940 secretario
658 1907 808 1940 exeunt
837 1903 1069 1940 subdiaconi
1095 1917 1183 1941 cum
1214 1904 1315 1941 albis
1346 1905 1536 1952 vestibus,

69 1965 294 2016 procedunt
327 1970 368 2002 et
402 1965 560 2002 diaconi
591 1978 681 2002 cum
711 1964 936 2002 dalmaticis
967 1969 1008 2003 et
1039 1972 1134 2003 ante
1165 1966 1352 2003 domnum
1385 1971 1538 2015 aposto-

69 2029 190 2066 licum
215 2027 317 2065 VII,
350 2027 487 2065 acoliti
520 2040 610 2064 cum
641 2027 744 2066 VII.
777 2027 1037 2067 candelabris,
1095 2028 1150 2065 Et
1178 2032 1268 2077 post
1298 2028 1538 2078 Kirieleyson

69 2090 238 2128 domnus
268 2089 508 2138 apostolicus
529 2088 627 2125 dicit
652 2087 787 2125 Gloria
805 2089 846 2125 in
874 2089 1028 2126 eoeceZsis
1051 2090 1130 2127 deo.
1189 2090 1244 2126 Et
1270 2090 1402 2127 omnia
1433 2091 1536 2128 sicut

68 2153 112 2189 in
144 2152 233 2189 aliis
262 2151 389 2197 festis,
424 2154 584 2200 praeter
610 2149 804 2201 ameluia)
836 2154 877 2187 et
908 2151 1079 2188 chrisma
1109 2152 1213 2201 quod
1246 2164 1291 2189 eo
1325 2151 1389 2188 die
1421 2152 1536 2190 bene-

68 2215 228 2253 dicitur.
286 2213 341 2250 Et
366 2226 455 2250 cum
475 2212 574 2249 dicit
607 2212 699 2249 Pam
730 2212 870 2249 domini
895 2212 944 2250 sit
976 2226 1129 2263 semper,
1165 2214 1383 2262 confringit
1415 2227 1535 2252 unam

67 2276 246 2313 oblatam
265 2276 309 2312 in
338 2275 438 2313 duas
468 2279 604 2324 partes
634 2278 675 2311 et
706 2274 777 2311 dat
809 2287 894 2311 eam
925 2275 1213 2321 archidiacono,
1242 2279 1283 2312 et
1313 2275 1379 2312 ille
1405 2277 1535 2313 mittit

67 2351 155 2376 eam
174 2339 218 2376 in
237 2343 425 2389 patenam
445 2350 563 2387 quam
582 2340 696 2374 tenet
724 2337 918 2373 minister.
977 2337 1172 2385 Reliquas
1200 2350 1295 2375 vero
1314 2338 1535 2375 oblationes

66 2401 149 2450 ipse
187 2400 487 2438 archidiaconus
525 2398 717 2448 expendit
748 2411 818 2447 per
855 2399 1095 2448 presbiteros
1132 2403 1173 2436 et
1205 2404 1344 2448 postea
1381 2400 1534 2449 frangit

66 2466 150 2499 tam
182 2463 267 2513 ipse
299 2474 418 2512 quam
448 2473 583 2498 omnes
613 2460 838 2510 presbiteri,
898 2460 953 2497 Et
982 2473 1071 2497 cum
1102 2464 1189 2498 tota
1221 2461 1370 2499 oblatio
1402 2462 1532 2500 fracta

137 2620 182 2666 (i)
207 2620 284 2655 The
317 2619 417 2654 other
456 2619 607 2654 Ordines
636 2617 821 2664 prescribe‚
849 2617 902 2652 for
932 2617 1090 2662 Maundy
1119 2617 1303 2664 Thursday
1330 2621 1399 2655 and
1430 2621 1528 2658 Good

66 2675 205 2720 Friday,
223 2686 268 2709 an
285 2673 408 2709 earlier
424 2674 522 2710 bour.
