1747 3121
234 193 315 235 360
375 202 611 235 CHRISTIAN
643 199 867 231 WORSHIP:
900 198 968 228 irs
998 197 1150 228 ORIGIN
1181 196 1272 227 ΑΜ)
1302 195 1560 228 nvonu'rron.

326 310 359 351 I
353 310 566 362 nvitatory
579 306 653 339 1—

302 425 462 466 Oremus,
506 421 725 458 dilectissimi
769 420 883 463 nobis,
917 423 957 454 ut
997 418 1053 453 his
1085 417 1170 453 viris
1211 417 1258 453 ad
1297 417 1485 452 utilitatem
1525 417 1707 453 Ecclesiae
1746 457 1747 470 ἦ

235 480 472 528 provehendis
483 479 497 501 2
513 478 714 524 benignitas
732 475 983 523 omnipotentis
1002 475 1069 509 Dei
1086 475 1220 519 gratiae
1238 485 1322 508 suae
1340 473 1470 508 tribuat
1486 473 1690 519 largitatem.
1746 476 1747 513 j

322 634 494 686 Litany.

318 793 540 847 Prayer—

304 903 508 948 Propitiare,
543 902 705 946 Domine,
734 901 1048 947 supplicationibus
1077 899 1215 943 nostrisa
1245 902 1282 933 et
1308 898 1475 933 inclinato
1509 909 1613 944 super
1643 898 1710 933 hos

235 958 386 994 famulos
411 962 489 993 tuos
506 969 616 993 cornu
640 957 773 1002 gratiae
792 955 1018 991 sacerdotalis
1043 953 1297 989 benedictionis
1322 957 1403 987 tuae
1428 953 1464 986 in
1491 964 1550 987 eos
1567 951 1706 988 effunde

236 1015 415 1050 virtutem.

321 1177 588 1218 Eucharistio
617 1177 840 1231 Prayer—

305 1307 400 1342 Vere
419 1307 573 1351 dignum.
601 1334 609 1343 .
637 1334 646 1342 .
673 1333 681 1341 .
734 1307 832 1341 Deus
848 1306 1021 1341 honorum
1037 1306 1205 1349 omnium,
1216 1306 1314 1340 Deus
1332 1305 1487 1340 omnium
1502 1305 1710 1351 dignitatum

233 1374 326 1408 quae
360 1362 491 1408 gloriae
525 1366 607 1397 tuae
649 1363 793 1397 sacratis
833 1362 1048 1396 famulantur
1091 1362 1291 1405 ordinibus;
1334 1362 1430 1396 Deus
1463 1362 1519 1406 qui
1562 1362 1711 1407 Moysen

231 1417 403 1452 famulum
430 1422 530 1451 tuum
557 1416 682 1451 secreti
708 1416 887 1451 familiaris
912 1419 1032 1459 affatu,
1059 1417 1150 1451 inter
1176 1421 1293 1451 cetera
1318 1416 1476 1450 caelestis
1502 1415 1712 1452 documenta

232 1472 392 1508 culturae
427 1473 471 1507 de
502 1473 625 1507 habitu
659 1484 797 1517 quoque
833 1472 1031 1507 indumenti
1065 1471 1291 1507 sacerdotalis
1324 1472 1523 1517 instituens,
1560 1471 1712 1506 electum

232 1529 355 1562 Aaron
398 1527 549 1572 mystico
592 1527 724 1561 amictu
759 1526 879 1562 vestiri
921 1527 1012 1562 inter
1045 1539 1145 1562 sacra
1173 1526 1332 1572 jussisti,
1375 1531 1415 1561 ut
1455 1527 1709 1572 intelligentiae

232 1595 376 1618 sensum
404 1583 446 1617 de
482 1582 653 1628 exemplis
686 1582 842 1628 priorum
878 1587 1020 1628 caperet
1053 1586 1216 1617 secutura
1249 1582 1447 1628 posteritas,
1484 1594 1529 1617 ne
1561 1582 1710 1617 eruditio

231 1637 413 1672 doctrinae
438 1642 521 1672 tuac
540 1637 603 1672 ulli
621 1638 761 1672 deesset
785 1640 905 1682 aetati,
926 1649 1006 1672 cum
1032 1642 1068 1672 et
1093 1638 1186 1684 apud
1212 1642 1350 1672 veteres
1376 1638 1610 1673 reverentiam
1635 1637 1711 1684 ipsa

231 1694 527 1739 significationum
546 1693 680 1739 species
699 1693 873 1728 obtineret
895 1697 931 1728 et
955 1693 1048 1739 apud
1068 1705 1133 1727 nos
1151 1693 1299 1727 certiora
1324 1697 1441 1728 essent
1464 1692 1709 1739 experimenta

230 1761 348 1785 rerum
375 1761 482 1795 quam
515 1749 717 1794 aenigmata
744 1749 945 1794 figurarum.
996 1748 1096 1783 Illius
1130 1759 1281 1793 namque
1311 1747 1499 1782 sacerdotii
1527 1747 1710 1782 anterioris

229 1805 374 1840 habitus
390 1810 531 1839 nostrae
549 1804 678 1839 mentis
696 1808 839 1838 ornatus
858 1807 920 1847 est,
942 1807 977 1838 et
1004 1802 1243 1849 pontificalem
1268 1802 1415 1848 gloriam
1433 1814 1505 1837 non
1518 1804 1593 1848 jam
1609 1802 1710 1837 nobis

229 1860 341 1895 honor
367 1859 594 1895 commendat
618 1859 771 1893 vestium
797 1858 859 1894 sed
884 1859 1049 1904 splendor
1075 1859 1283 1893 animorum.
1334 1859 1422 1900 Quia
1457 1863 1493 1894 et
1525 1859 1585 1894 illa
1618 1870 1708 1904 quae

229 1918 315 1951 tunc
343 1915 540 1951 carnalibus
572 1914 845 1949 blandiebantur
875 1914 1056 1949 obtutibus
1086 1926 1128 1949 ea
1156 1915 1275 1960 potius
1309 1926 1400 1961 quae
1430 1914 1467 1949 in
1495 1914 1582 1961 ipsis
1610 1919 1710 1949 erant

228 1971 458 2017 intelligenda
491 1971 699 2017 poscebant.
748 1971 795 2005 Et
836 1971 968 2005 idcirco
1002 1971 1057 2005 his
1091 1970 1232 2005 famulis
1264 1971 1333 2005 tuis
1374 1982 1462 2016 quos
1496 1971 1541 2005 ad
1582 1971 1710 2006 summi

229 2028 414 2063 sacerdotii
439 2028 674 2062 ministerium
700 2027 871 2073 delegisti,
889 2027 981 2062 hanc
1008 2038 1232 2073 quaesumus,
1250 2027 1413 2070 Domine,
1431 2026 1579 2071 gratiam
1604 2026 1707 2071 largi-

229 2085 309 2129 aris,
335 2089 375 2119 ut
403 2083 570 2129 quidquid
596 2083 656 2118 illa
673 2083 851 2118 velamina
878 2083 915 2117 in
944 2083 1079 2129 fulgore
1108 2084 1194 2128 auri,
1218 2083 1255 2117 in
1281 2083 1395 2118 nitore
1418 2094 1648 2128 gemmarum,
1667 2083 1704 2117 in

228 2140 429 2175 multimodi
456 2139 570 2185 operis
587 2139 759 2174 varietate
790 2139 987 2184 signabant,
1019 2139 1086 2174 hoc
1116 2139 1152 2173 in
1176 2139 1301 2173 horum
1324 2139 1479 2173 moribus
1502 2137 1706 2183 actibusque

230 2197 409 2233 clarescat.
462 2195 609 2241 Comple
638 2195 675 2229 in
706 2195 948 2230 sacerdotibus
978 2195 1048 2230 tuis
1071 2194 1232 2240 mysterii
1260 2193 1312 2228 tui
1336 2205 1521 2238 summam,
1546 2197 1582 2228 et
1608 2205 1708 2228 orna-

228 2253 358 2287 mentis
381 2252 490 2287 totius
515 2251 778 2297 glorificationis
803 2251 993 2286 instructos
1012 2250 1173 2285 caelestis
1192 2249 1366 2295 unguenti
1388 2248 1498 2284 fluore
1516 2248 1706 2284 sanctifica.

231 2307 322 2350 Hoc,
356 2308 520 2353 Domine,
557 2307 697 2353 copiose
731 2309 769 2341 in
802 2318 925 2342 eorum
958 2311 1066 2352 caput
1108 2305 1244 2349 influat,
1280 2305 1348 2339 hoc
1380 2304 1417 2338 in
1450 2304 1519 2339 oris
1552 2303 1708 2350 subjecta.

231 2362 402 2408 decurrat,
421 2363 488 2398 hoc
512 2363 550 2397 in
574 2363 682 2398 totius
701 2362 855 2408 corporis
876 2366 1036 2397 extrema
1062 2361 1266 2404 descendat,
1284 2364 1324 2394 ut
1347 2360 1400 2395 tui
1427 2359 1576 2405 Spiritus
1594 2361 1707 2396 virtus

231 2421 268 2453 et
297 2418 462 2453 interiora
492 2418 618 2453 horum
635 2417 770 2464 repleat
802 2422 840 2453 et
870 2417 1046 2453 exteriora
1076 2417 1317 2461 circumtegat.
1382 2415 1552 2450 Abundet
1584 2415 1620 2450 in
1651 2415 1707 2451 his

296 2574 308 2593 ¹
332 2574 418 2606 This
448 2575 518 2607 and
539 2575 600 2607 the
630 2575 807 2616 following
837 2575 1024 2616 formulary
1047 2585 1104 2606 are
1134 2583 1285 2606 common
1315 2574 1350 2604 to
1380 2572 1440 2604 the
1470 2572 1567 2604 three
1597 2583 1704 2605 sacra-

230 2625 423 2657 mentaries.

294 2676 307 2694 ²
330 2676 372 2707 In
388 2676 448 2707 the
465 2676 630 2708 Gelasian
646 2677 735 2719 only.
783 2677 800 2708 Ι
817 2678 944 2708 correct
955 2677 1170 2719 providendis
1186 2675 1258 2706 into
1270 2675 1494 2717 provehendis.
