1747 3121
400 207 718 239 PEREGRINATIO
749 210 968 241 ETHERIAE
1000 200 1219 256 (SILVIAE).
1453 207 1536 248 493

67 316 271 366 episcopus
286 331 296 365 3
334 317 518 355 similiter
563 318 788 366 descendet,
830 325 872 357 et
914 334 995 359 non
1033 322 1157 368 sedet,
1199 324 1267 361 sed
1306 326 1446 363 statim
1483 328 1538 364 in-

65 381 150 415 trat
187 378 298 416 intra
336 380 530 418 cancellos
558 381 669 419 intra
700 381 950 430 Anastasim,
981 384 1024 422 id
1057 388 1118 422 est
1148 386 1259 423 intra
1294 387 1534 436 speluncam,

70 436 140 473 ubi
176 439 218 472 et
255 441 413 474 mature
425 452 437 485 3
483 443 525 475 et
562 441 656 477 inde
702 443 885 480 similiter
932 446 1103 494 primum
1149 447 1249 484 facit
1288 450 1533 497 παῖ-»10110013

69 497 125 534 510
161 497 372 536 benedicet
409 500 556 547 fideles,
592 506 633 539 et
671 504 726 539 sic
763 505 898 541 exiens
933 506 981 543 de
1021 508 1226 555 cancellos,
1275 509 1460 547 similiter
1498 513 1533 548 ei

70 557 121 595 ad
150 572 314 597 manum
344 563 557 601 acceditur„
618 565 685 601 Ita
714 578 806 615 ergo
834 571 875 604 et
903 568 1002 606 hora
1031 582 1137 606 nona
1165 570 1227 616 fit,
1263 571 1383 609 sicuti
1413 576 1455 610 et
1485 574 1534 611 ad

69 626 193 658 sexta.

680 800 714 837 3.
754 800 918 851 Vespers.

149 910 265 947 Hora
310 913 446 947 autem
493 910 645 948 decima
691 911 811 961 (quod
853 913 1056 962 appellant
1097 912 1162 950 hic
1201 912 1400 959 licinicon)
1438 928 1532 952 nam

68 985 140 1009 nos
178 972 347 1009 dicimus
384 972 618 1023 lucernam),
660 975 845 1012 similiter
882 987 924 1012 se
956 975 1084 1012 omnis
1118 975 1338 1013 multitudo
1371 976 1531 1026 colliget

67 1033 119 1071 ad
156 1034 405 1080 Anastasim,
444 1035 716 1073 incenduntur
753 1049 887 1075 omnes
926 1036 1115 1073 candelae
1152 1040 1194 1073 et
1235 1038 1347 1083 cerei,
1395 1042 1436 1074 et
1482 1038 1529 1075 fit

68 1096 203 1133 lumen
234 1096 452 1135 infinitum.
510 1096 665 1134 Lumen
699 1102 833 1135 autem
861 1098 911 1135 de
938 1097 1034 1135 foris
1062 1110 1144 1135 non
1174 1098 1350 1144 affertur,
1383 1099 1451 1136 sed
1482 1099 1531 1137 de

67 1158 255 1207 spelunca
295 1158 479 1195 interiori
517 1159 670 1205 eicitur,
711 1160 781 1196 ubi
818 1164 940 1197 noctu
978 1172 1024 1196 ac
1062 1159 1125 1196 die
1164 1172 1319 1209 semper
1365 1161 1528 1198 lucerna

67 1219 186 1264 lucet,
223 1219 265 1257 id
303 1224 365 1257 est
404 1220 453 1257 de
489 1220 599 1258 intro
637 1222 841 1260 cancellos.
911 1221 1116 1258 Dicuntur
1150 1221 1271 1259 etiam
1304 1223 1447 1271 psalmi
1475 1223 1531 1260 lu-

67 1294 262 1328 cernares,
301 1281 370 1319 sed
415 1286 456 1319 et
502 1282 746 1332 antiphonae
794 1283 958 1321 diutius,
1025 1282 1129 1319 Ecce
1174 1286 1216 1320 et
1263 1288 1531 1321 commonetur

67 1344 284 1393 episcopus,
323 1347 365 1381 et
403 1343 628 1391 descendet,
667 1349 709 1382 et
748 1345 859 1382 sedet
896 1357 1042 1390 susum,
1081 1356 1153 1381 nec
1196 1357 1278 1382 non
1322 1346 1444 1382 etiam
1489 1350 1532 1383 et

66 1410 291 1460 presbyteri
330 1409 470 1446 sedent
509 1410 603 1447 10015
642 1411 723 1446 5015
737 1426 748 1459 3
795 1410 985 1447 dicuntur
1031 1412 1143 1459 ymni
1181 1411 1243 1447 vel
1281 1412 1536 1460 antiphonae.

66 1471 122 1509 Et
169 1476 212 1508 at
259 1472 328 1508 ubi
373 1471 545 1521 perdicti
591 1471 745 1509 fuerint
793 1472 913 1521 juxta
960 1473 1301 1519 consuetudinem,
1340 1473 1451 1510 lebat
1498 1487 1539 1511 se

72 1535 288 1584 episcopus,
328 1537 369 1570 et
406 1537 490 1569 stat
527 1537 623 1569 ante
657 1534 884 1579 cancellum,
920 1533 961 1569 id
995 1538 1056 1569 est
1089 1540 1185 1569 ante
1218 1534 1455 1581 speluncam,
1492 1540 1533 1571 et

73 1609 176 1634 unus
213 1608 264 1633 ex
298 1596 530 1633 diaconibus
561 1595 662 1632 facit
695 1596 1103 1633 commemorationem
1136 1595 1394 1643 singulorum,
1429 1596 1534 1633 sicut

70 1659 171 1696 solet
199 1670 283 1695 esse
311 1658 566 1697 consuetudo.
625 1657 680 1694 Et
710 1657 876 1694 diacono
902 1657 1059 1694 dicente
1085 1656 1330 1705 singulorum
1358 1658 1532 1704 nomina,

70 1732 223 1769 semper
238 1719 387 1769 pisinni
400 1719 563 1768 plurimi
582 1722 707 1765 stant,
729 1718 1013 1768 respondentes
1032 1730 1207 1767 semper:
1236 1717 1357 1766 Kyrie
1373 1717 1531 1767 eleyson,

70 1781 173 1831 quod
198 1781 364 1818 dicimus
383 1793 476 1817 nos:
507 1779 691 1817 Miserere
711 1779 884 1825 Domine,
906 1792 1072 1829 quorum
1091 1791 1204 1816 voces
1224 1779 1404 1817 infinitae
1423 1786 1531 1820 sunt.

71 1845 126 1882 Et
155 1848 200 1881 at
230 1844 299 1881 ubi
329 1843 517 1880 diaconus
548 1843 769 1892 perdixerit
801 1842 933 1879 omnia
963 1854 1063 1891 quae
1096 1840 1225 1877 dicere
1258 1840 1391 1888 habet,
1427 1842 1533 1879 dicet

70 1906 290 1943 orationem
317 1905 490 1954 primum
519 1905 735 1954 episcopus,
765 1907 806 1941 et
834 1908 922 1940 orat
950 1916 1022 1952 pro
1048 1903 1244 1942 omnibus:
1275 1906 1316 1939 et
1340 1904 1395 1939 sic
1414 1909 1533 1941 orant

70 1980 218 2013 0111005,
252 1970 337 2003 tam
369 1966 514 2012 fideles,
552 1979 670 2016 quam
704 1969 746 2003 et
776 1964 1044 2002 cathecumini
1075 1963 1202 2002 simul.
1261 1963 1366 2000 Item
1396 1965 1534 2002 mittet

69 2041 206 2066 vocem
243 2028 430 2065 diaconus
468 2032 516 2065 ut
553 2028 835 2077 unusquisque,
874 2026 1068 2076 quomodo
1105 2030 1198 2071 stat,
1234 2025 1533 2063 cathecuminus

69 2092 236 2129 inclinet
265 2094 402 2140 caput:
434 2094 475 2127 et
505 2090 560 2127 sic
589 2089 695 2126 dicet
722 2090 926 2138 episcopus
949 2092 1060 2125 stans
1080 2087 1395 2124 benedictionem
1416 2100 1533 2137 super

72 2153 377 2191 cathecuminos
435 2152 543 2189 Item
569 2152 616 2188 fit
635 2151 776 2197 oratio,
797 2154 838 2187 et
859 2150 988 2187 denuo
1006 2149 1145 2185 mittet
1165 2147 1354 2184 diaconus
1374 2161 1508 2186 vocem
1522 2163 1533 2196 3

69 2213 110 2246 et
131 2212 352 2246 commonet
377 2212 424 2245 ut
450 2208 722 2257 unusquisque
741 2212 853 2245 stans
873 2208 1051 2245 fidelium
1072 2208 1268 2245 inclinent
1290 2210 1423 2258 capita
1442 2224 1514 2247 sua
1529 2226 1539 2259 3

69 2272 166 2309 item
194 2271 406 2308 benedicet
438 2269 576 2306 fideles
605 2270 820 2318 episcopus,
844 2274 885 2306 et
915 2271 970 2306 sic
998 2270 1045 2305 fit
1073 2271 1193 2306 missa
1221 2270 1427 2310 Anastasi.
1484 2272 1540 2309 Et

69 2334 264 2383 incipient
292 2333 472 2381 episcopo
500 2331 551 2368 ad
580 2345 742 2368 manum
771 2331 957 2368 accedere
985 2332 1144 2380 singuli.
1202 2331 1257 2369 Et
1286 2333 1538 2382 postmodum

70 2396 119 2433 de
139 2395 375 2431 Anastasim
403 2406 528 2442 usque
557 2393 607 2430 ad
629 2392 796 2429 Crucem
826 2391 944 2445 [eum]
970 2393 1101 2442 ymnis
1121 2392 1283 2431 ducitur
1303 2395 1511 2444 episcopus
1527 2410 1538 2443 3

70 2459 187 2495 simul
216 2461 257 2495 et
286 2457 412 2494 omnis
431 2456 600 2505 populus
619 2455 751 2492 vadet.
811 2455 892 2494 Ubi
921 2468 1008 2491 cum
1038 2460 1274 2504 perventum
1303 2456 1439 2502 fuerit,
1461 2459 1536 2507 pri-

69 2533 176 2557 mum
195 2519 294 2556 facit
314 2519 547 2563 orationem,
568 2518 664 2554 item
690 2516 898 2554 benedicet
928 2516 1234 2562 cathecuminos,
1255 2518 1351 2555 item
1380 2518 1428 2555 fit
1457 2520 1536 2556 alia

700 2638 710 2657 ¹
735 2638 905 2678 Λυχνικόν.
