1747 3121
159 220 243 262 514
787 227 1018 259 APPENDIX.

163 335 307 382 oratio,
328 338 371 372 et
386 335 538 385 legitur
559 335 625 372 ille
648 335 757 372 locus
781 333 831 371 de
855 333 1073 383 evangelio,
1093 333 1165 371 ubi
1183 333 1322 371 eadem
1351 333 1415 371 die
1444 334 1641 373 Dominus

164 398 208 434 in
227 396 365 435 eodem
383 397 480 444 loco,
501 398 573 434 ubi
600 398 688 446 ipsa
713 396 878 434 ecclesia
901 408 1009 433 nunc
1031 396 1076 433 in
1102 395 1211 446 Syon
1239 400 1313 442 est,
1334 396 1479 434 clausis
1507 397 1635 442 ostiis,

162 460 367 510 ingressus
386 464 450 498 est
477 459 684 509 discipulis
696 472 708 508 3
737 457 781 495 id
809 462 871 496 est
899 458 1059 508 quando
1087 462 1186 495 tunc
1214 471 1320 495 unus
1349 470 1402 495 ex
1436 458 1641 508 discipulis

159 529 217 566 ibi
228 527 253 553 (ἰ)
271 541 354 566 non
377 533 478 573 erat,
508 525 551 563 id
579 529 642 563 est
665 524 850 571 Thomas,
871 537 950 574 qua
979 535 1163 561 reversus
1190 526 1264 569 est,
1286 525 1328 560 et
1355 521 1582 560 dicentibus
1612 522 1648 559 ei

160 591 249 628 aliis
269 590 475 640 apostolis,
506 588 600 638 quia
629 587 850 625 Dominum
869 586 1080 632 vidissent,
1099 584 1168 623 ille
1197 585 1324 623 dixit:
1357 583 1491 621 “Non
1517 583 1645 630 credo,

166 657 245 694 nisi
264 654 438 693 vider0.⁷’
495 654 586 692 Hoc
616 654 732 701 lecto,
760 654 808 691 fit
836 654 967 693 denuo
995 655 1154 699 orati03
1185 654 1481 692 benedicuntur
1509 655 1644 692 cathe-

168 719 328 766 cumini,
349 718 448 755 item
462 717 609 764 fideles,
632 721 674 754 et
693 720 955 755 revertuntur
975 717 1247 767 unusquisque
1266 716 1318 754 ad
1338 716 1498 755 domum
1527 731 1639 756 suam

167 794 266 827 sera,
289 780 387 817 hora
405 780 582 817 forsitan
601 779 732 817 noctis
751 778 939 817 secunda.

619 1021 681 1060 11.
712 1019 872 1070 Sanclay
901 1019 1007 1070 after
1036 1019 1186 1059 Easter.

249 1137 357 1174 Item
376 1134 528 1174 octavis
548 1133 738 1180 Paschae,
759 1132 802 1170 id
822 1136 884 1170 est
913 1132 978 1170 dic
1007 1131 1216 1179 dominica,
1239 1131 1380 1169 statim
1408 1134 1500 1182 post
1528 1135 1644 1169 sexta

166 1200 294 1238 omnis
322 1199 493 1249 populus
521 1210 611 1234 cum
640 1197 822 1246 episcopo
852 1194 905 1232 ad
936 1195 1090 1232 Eleona.
1123 1194 1315 1233 ascendit.
1388 1194 1571 1232 Primum
1601 1195 1647 1231 in

166 1262 331 1300 ccclesia
350 1273 451 1311 quae
471 1260 528 1297 ibi
547 1263 609 1296 est
628 1257 864 1308 aliquandiu
883 1256 1069 1307 sedetur;
1098 1256 1292 1294 dicuntur
1311 1257 1435 1307 ymni,
1454 1256 1647 1294 dicuntur

167 1324 414 1374 antiphonae
451 1327 570 1373 aptae
606 1321 684 1358 diei
717 1325 759 1358 et
790 1321 902 1368 loco;
930 1320 1035 1357 fiunt
1068 1321 1271 1358 orationes
1302 1320 1491 1357 similiter
1525 1323 1645 1370 aptae

164 1387 247 1425 diei
275 1391 317 1424 et
346 1386 444 1424 1000.
503 1384 650 1422 Denuo
682 1383 777 1421 inde
815 1396 905 1420 cum
937 1383 1069 1432 ymnis
1107 1384 1192 1420 itur
1225 1384 1269 1420 in
1306 1383 1518 1420 Imbomon
1550 1395 1647 1420 susu

166 1452 363 1498 similiter,
385 1457 427 1489 et
447 1452 504 1488 ibi
523 1464 569 1488 ea
589 1453 767 1499 aguntur
791 1461 893 1498 quae
920 1453 962 1484 et
986 1448 1079 1484 illic.
1140 1447 1195 1483 Et
1226 1459 1316 1483 011111
1345 1447 1521 1496 coeperit
1549 1446 1648 1483 hora.

167 1526 266 1559 esse,
288 1515 372 1563 jam
402 1514 529 1552 omnis
559 1512 731 1562 populus
764 1515 808 1548 ct
839 1521 975 1548 omnes
1001 1508 1273 1559 Aputactitae
1303 1508 1511 1546 deducunt
1544 1507 1648 1557 epis-=

171 1592 312 1630 copum
349 1592 440 1616 cum
471 1578 603 1627 ymnis
629 1590 754 1627 usque
791 1576 844 1613 ad
880 1576 1095 1615 Anastase.
1165 1577 1226 1614 Ea
1255 1582 1392 1615 autem
1429 1578 1528 1616 hora
1565 1591 1653 1628 pcr-

171 1644 335 1682 venitur
372 1640 425 1679 ad
462 1642 678 1686 Auzzstase,
720 1653 799 1690 qua
836 1639 1109 1676 lucernarium
1146 1640 1235 1677 fieri
1272 1640 1387 1680 solet.
1445 1641 1515 1678 Fit
1553 1653 1648 1690 ergo

171 1705 441 1745 lucernarium
461 1708 546 1741 tam
566 1704 618 1741 ad
642 1704 849 1740 Anastase
874 1715 994 1752 quam
1021 1702 1074 1740 ad
1104 1702 1297 1753 Crucem3
1327 1707 1369 1741 et
1397 1703 1492 1741 inde
1520 1705 1649 1742 omnis

170 1770 341 1822 populus
360 1780 486 1818 usque
506 1767 557 1804 ad
576 1780 703 1804 unum
732 1779 822 1803 cum
844 1766 976 1815 ymnis
1003 1765 1159 1803 ducunt
1185 1767 1413 1816 episcopum
1444 1780 1569 1817 usque
1596 1766 1648 1805 ad

171 1830 292 1878 Syon.
363 1831 450 1869 Ubi
481 1843 571 1867 cum
602 1833 770 1867 ventum
802 1828 939 1874 fuerit,
971 1828 1156 1866 similiter
1189 1828 1382 1866 dicuntur
1418 1830 1530 1879 ymni
1559 1830 1649 1879 apti

172 1893 257 1931 loco
277 1896 319 1930 et
338 1893 419 1930 diei
433 1907 444 1941 ;
474 1893 623 1942 legitur
642 1891 774 1929 dcnuo
794 1894 835 1928 et
855 1890 924 1927 ille
943 1890 1051 1928 locus
1075 1890 1124 1928 de
1153 1892 1371 1940 evangelio,
1395 1892 1466 1929 ubi
1494 1891 1647 1929 octavis

173 1955 350 1993 Paschae
382 1956 585 2004 ingressus
616 1958 677 1992 est
708 1953 916 1998 Dominus,
954 1952 1024 1989 ubi
1057 1957 1175 1990 erant
1207 1953 1404 2004 discipuli,
1438 1957 1481 1991 et
1506 1958 1650 2004 arguet

172 2019 375 2065 Thomam‚
405 2031 528 2068 quare
560 2017 790 2054 incredulus
812 2016 970 2053 fuisset.
1040 2015 1097 2052 Et
1130 2020 1229 2053 tunc
1257 2018 1386 2054 omnis
1409 2017 1497 2066 ipsa
1527 2015 1647 2053 lectio

171 2082 393 2132 perlegitur
410 2094 420 2128 ;
449 2079 703 2130 postmodum
722 2079 770 2116 fit
790 2077 919 2115 oratio
936 2090 946 2124 3
975 2078 1198 2115 benedictis
1216 2078 1340 2130 [tam]
1357 2079 1646 2116 cathecuminis

171 2158 290 2194 quam
327 2143 526 2190 fidelibus,
564 2143 684 2192 juxta
715 2139 1047 2179 consuetudinem
1077 2145 1343 2179 revertuntur
1376 2142 1648 2191 unusquisque

171 2206 223 2243 ad
243 2205 402 2242 domum
422 2218 544 2251 suam,
569 2205 754 2241 similiter
774 2206 822 2240 ut
850 2201 914 2239 die
945 2201 1145 2241 dominica
1175 2204 1363 2252 Paschae,
1386 2204 1483 2242 hora
1514 2204 1644 2242 noctis

173 2267 356 2306 secunda.

808 2379 853 2424 (i)
878 2378 937 2414 ubi
954 2380 1027 2414 cod.
