1747 3121
218 185 303 228 470
844 196 1075 228 APPENDIX.

215 293 267 332 ad
284 294 524 344 pontificem.
585 294 641 331 Et
660 294 847 344 pontifex
866 294 1048 343 baptizat
1067 297 1240 343 quantos
1258 295 1443 333 voluerit.
1502 296 1557 334 Et
1577 302 1690 335 stans

213 356 411 406 presbiter
429 356 538 393 infra
555 355 690 393 fontes
708 355 808 392 facit
828 368 985 392 crucem
1004 354 1055 393 de
1073 355 1158 393 oleo
1186 356 1410 395 exorcizato
1435 359 1480 396 in
1498 360 1688 407 verticae,

212 423 399 457 tenentes
431 419 536 469 ipsos
574 418 755 455 infantes
793 417 1037 465 subdiaconi,
1073 422 1115 455 et
1148 417 1363 456 reddentes
1395 433 1467 469 per
1495 420 1688 468 ordinem,

213 481 317 518 sicut
336 484 588 530 acceperunt.

292 542 448 580 Deinde
469 543 690 580 revertitur
709 542 896 593 pontifex
915 543 960 580 in
972 544 1270 593 consignatorio
1289 548 1332 581 et
1347 543 1650 583 archidiaconus
1662 544 1691 570 (i)

212 619 303 643 cum
330 606 428 655 ipso,
450 610 492 643 et
520 606 629 655 ipsas
658 605 811 643 faculas
840 610 937 643 ante
966 618 1069 644 eum.
1126 605 1183 643 Et
1211 607 1281 643 alii
1305 606 1463 644 diaconi
1494 611 1607 644 stant
1639 607 1691 645 ad

212 667 511 718 baptizandum.
571 667 627 704 Et
656 669 890 705 vestiuntur
918 667 1099 705 infantes
1128 668 1180 705 ab
1208 669 1305 718 ipsis
1334 669 1402 719 qui
1430 674 1691 719 susceperunt

212 746 276 770 eos
296 731 345 769 de
363 731 489 778 fonte,
511 736 552 769 et
572 732 650 781 ipsi
669 736 838 781 portant
865 744 931 769 eos
959 732 1004 768 in
1033 732 1387 782 consignatorium,
1408 735 1450 769 et
1479 736 1593 770 stant
1620 746 1692 783 per

211 794 402 841 ordinem,
430 794 599 831 masculi
631 794 675 831 in
706 793 852 831 dextra
885 798 1001 844 parte
1034 798 1076 832 et
1113 794 1289 832 feminae
1318 795 1362 831 in
1399 795 1576 833 sinistra.
1634 795 1691 833 Et

211 857 341 906 surgit
369 857 552 906 pontifex
584 871 608 894 a
641 856 734 894 sede
771 856 821 894 de
857 857 1155 907 consignatorio
1193 861 1235 895 et
1270 856 1383 894 vadit
1421 859 1465 895 in
1502 857 1690 896 dextram

210 924 369 969 partem
405 919 684 965 masculorum,
726 919 896 957 dicendo
943 920 1170 957 oracionem
1216 923 1258 957 et
1304 919 1510 969 tangendo
1557 921 1691 970 capita

209 983 386 1032 ipsorum
423 981 473 1020 de
510 996 662 1031 manu3
707 982 893 1019 similiter
940 986 983 1020 et
1030 981 1083 1019 ad
1121 982 1305 1021 feminas,
1379 981 1539 1020 Deinde
1576 984 1691 1020 venit

211 1045 477 1083 subdiaconus
515 1058 605 1082 eum
636 1046 781 1082 crisma
821 1045 865 1081 in
897 1058 992 1082 vase
1026 1048 1245 1094 argenteo;
1275 1048 1360 1081 stat
1398 1044 1449 1082 ad
1479 1044 1689 1083 dexteram

209 1108 411 1158 pontificis
440 1112 483 1145 et
511 1108 698 1158 pontifex
717 1108 889 1146 revertit
910 1107 962 1145 ad
981 1107 1160 1144 infantes
1180 1108 1333 1157 priores
1352 1111 1394 1144 et
1412 1107 1513 1144 facit
1533 1121 1689 1146 crucem

210 1172 260 1209 de
279 1172 424 1209 crisma
450 1184 540 1209 cum
568 1172 695 1221 police
724 1172 769 1208 in
796 1171 1001 1209 frontibus
1029 1171 1217 1220 ipsorum,
1239 1170 1434 1210 dicendo:
1464 1168 1515 1208 In
1543 1171 1691 1209 nomine

209 1234 345 1272 Patris
383 1239 419 1272 et
456 1234 555 1271 Filii
594 1239 630 1271 el
660 1233 827 1284 Spiritus
866 1233 1000 1279 sancti,
1033 1246 1119 1283 pax
1161 1233 1240 1270 tibi.
1310 1232 1503 1270 Similiter
1550 1237 1592 1271 et
1639 1233 1691 1271 ad

209 1298 391 1335 feminas.

292 1359 452 1397 Deinde
497 1360 719 1397 revertitur
761 1358 947 1410 pontifex
994 1359 1039 1396 in
1084 1359 1303 1396 sacrarium
1349 1359 1418 1408 qui
1464 1362 1526 1396 est
1568 1358 1691 1408 juxta

209 1423 412 1469 thronum,
444 1427 486 1461 et
514 1423 621 1472 ipsas
653 1421 808 1458 faculas
835 1426 931 1459 ante
961 1422 1104 1471 ipsum.
1163 1421 1219 1458 Et
1251 1425 1336 1458 stat
1366 1434 1471 1458 unus
1504 1421 1554 1458 de
1584 1422 1691 1459 scola

210 1491 306 1524 ante
343 1499 434 1524 eum
450 1501 460 1535 3
490 1490 532 1523 et
565 1485 662 1523 dum
693 1485 730 1522 ei
759 1485 967 1534 placuerit,
1004 1484 1130 1524 dicit:
1169 1484 1330 1523 Intrate.
1400 1484 1456 1521 Et
1494 1484 1691 1522 inchoant

210 1550 362 1587 letania
380 1549 453 1586 hoc
472 1548 622 1594 ordine,
645 1546 688 1584 id
703 1551 765 1584 est
785 1548 915 1597 prima
934 1546 1033 1584 VII.
1056 1547 1211 1584 vicibus
1230 1550 1430 1596 repetent.
1481 1546 1686 1594 Similiter,

209 1612 319 1649 facto
355 1611 581 1657 intervallo,
621 1609 718 1647 dum
748 1610 915 1659 jusserit
953 1609 1150 1658 pontifex,
1185 1608 1326 1646 dicunt
1364 1609 1489 1646 tertia
1523 1609 1688 1656 letania,

209 1680 274 1713 ter
307 1678 507 1725 repetant.
567 1673 623 1710 Et
657 1672 754 1709 dum
783 1672 962 1709 dixerint
990 1671 1122 1721 Agmus
1151 1671 1241 1718 Dei,
1273 1671 1478 1721 egreditur
1506 1672 1690 1721 pontifex

210 1738 260 1776 de
289 1738 462 1775 sacrario
490 1741 531 1774 et
560 1736 719 1773 diaconi
748 1749 838 1772 cum
868 1736 963 1785 ipso,
991 1735 1084 1772 hinc
1118 1740 1159 1772 et
1189 1734 1295 1780 inde,
1328 1739 1369 1772 et
1400 1734 1504 1772 duae
1533 1735 1690 1773 faculae

211 1805 306 1839 ante
335 1814 427 1838 eum
454 1803 671 1849 portantur
700 1799 750 1835 ab
780 1799 836 1835 eis
867 1799 935 1848 qui
958 1811 1024 1835 eas
1054 1801 1322 1847 portaverunt
1348 1797 1401 1835 ad
1427 1797 1572 1836 fontes.
1633 1798 1690 1836 Et

210 1864 377 1901 veniens
407 1867 502 1900 ante
534 1863 674 1907 altare,
697 1865 782 1898 stat
812 1861 1009 1898 inclinato
1043 1861 1186 1909 capite,
1216 1872 1341 1910 usque
1366 1859 1463 1897 dum
1498 1864 1688 1910 repetunt

211 1925 333 1974 Kyrie
378 1923 545 1970 eleison;
584 1927 627 1960 et
664 1922 870 1960 osculatur
909 1922 1039 1959 altare
1076 1926 1118 1959 et
1156 1921 1315 1959 diaconi
1358 1921 1555 1967 similiter,
1595 1921 1689 1959 hinc

211 1993 254 2026 et
283 1987 388 2025 inde.
448 1985 608 2023 Deinde
638 1984 809 2022 revertit
840 1983 892 2021 ad
926 1983 1060 2021 sedem
1098 1996 1221 2029 suam,
1262 1987 1304 2020 et
1340 1983 1418 2032 ipsi
1455 1982 1690 2020 subdiaconi

211 2050 427 2100 regionarii
446 2051 591 2086 tenent
612 2048 718 2096 ipsas
737 2046 892 2083 faculas
919 2050 1028 2083 retro
1058 2046 1199 2090 altare,
1222 2044 1367 2082 dextra
1395 2045 1572 2094 levaque.
1632 2044 1688 2081 Et

211 2113 311 2151 dicit
330 2111 516 2162 pontifex
539 2109 675 2148 Gloria
694 2109 735 2145 in
755 2108 911 2145 coecelsis
931 2107 1027 2146 Deo.
1086 2107 1275 2156 Sequitur
1294 2106 1436 2151 oratio,
1456 2105 1550 2142 inde
1569 2106 1688 2144 lectio

212 2181 254 2214 et
287 2174 470 2220 Alleluia,
516 2170 751 2222 Confitemini
784 2170 947 2207 Domino
980 2174 1022 2207 et
1059 2174 1216 2206 tractus
1254 2168 1433 2205 Laudate
1471 2166 1683 2205 Dominum.

212 2240 268 2277 Et
291 2240 378 2289 ipsa
410 2240 529 2274 nocte
559 2248 642 2272 non
671 2233 809 2283 psallit
839 2233 1088 2270 offertorium
1114 2244 1187 2268 nec
1214 2230 1347 2280 Aynus
1373 2229 1451 2267 Dei
1480 2242 1554 2266 nec
1585 2230 1688 2266 anti-

211 2298 347 2348 phona
380 2297 433 2335 ad
465 2296 793 2334 communionem.
851 2294 907 2331 Et
938 2293 1205 2330 communicat
1239 2292 1367 2329 omnis
1400 2291 1581 2340 popuIUS‚
1618 2303 1688 2328 sen

212 2365 254 2397 et
286 2360 465 2397 infantes
498 2359 567 2408 qui
596 2358 640 2394 in
671 2357 757 2405 ipsa
787 2360 905 2394 nocte
929 2355 1128 2405 baptizati
1153 2357 1262 2399 sunt,
1286 2353 1472 2390 similiter
1498 2365 1622 2402 usque
1644 2352 1688 2389 in

213 2424 380 2458 octavas
399 2419 580 2469 paschae.

301 2482 397 2532 Ipsa
429 2485 557 2527 nocte,
593 2492 729 2518 omnes
765 2479 978 2529 presbiteri
1011 2477 1233 2515 cardinales
1266 2488 1348 2513 non
1376 2475 1433 2511 ibi
1462 2478 1587 2520 stant,
1619 2474 1687 2511 sed

757 2642 795 2685 (i)
822 2639 1070 2676 archidiaconi.
