1747 3121
395 194 712 227 PEREGRINATIO
744 198 960 229 ETHERIAE
993 188 1209 243 (SILVIAE).
1461 191 1544 234 507

463 370 496 407 5.
536 369 774 420 Wednesday
802 371 843 408 in
870 371 974 422 Holy
1008 372 1133 414 Week.

144 481 250 518 Item
270 485 415 531 quarta
434 481 536 518 feria
564 485 742 530 aguntur
770 484 902 520 omnia
929 498 1000 534 per
1028 489 1117 523 tota
1146 486 1211 523 die
1230 500 1255 523 a
1277 486 1387 536 pullo
1414 486 1543 536 primo

62 543 166 579 sicut
195 542 369 579 secunda
397 542 500 579 feria
519 547 561 580 et
591 544 715 580 tertia
742 544 844 581 feria
857 558 868 592 3
897 546 967 583 sed
995 551 1256 597 posteaquam
1283 549 1403 584 missa
1430 547 1543 584 facta.

60 604 186 642 fuerit
224 609 342 642 nocte
371 604 423 641 ad
452 604 703 654 Martyrium
732 610 774 643 et
809 606 1006 645 deductus
1043 609 1169 647 fuerit
1207 611 1413 660 episcopus
1451 623 1541 648 cum

59 667 191 717 ymnis
211 667 264 704 ad
284 668 498 713 Anastase,
521 668 662 704 statim
690 668 821 705 intrat
850 670 1057 720 episcopus
1082 673 1127 709 in
1146 673 1336 722 spelunca
1355 686 1457 723 quae
1477 676 1540 710 est

60 729 104 765 in
121 728 336 775 Anastase‚
359 733 400 765 et
421 733 505 765 stat
535 729 647 765 intra
676 731 894 776 cancellos3
930 734 1139 782 presbyter
1158 739 1294 772 autem
1326 739 1421 772 ante
1451 748 1541 772 can-

60 790 203 827 cellum
222 793 317 835 stat,
340 793 382 826 et
401 790 546 838 accipit
567 791 831 840 evangelium,
852 796 894 829 et
913 793 1012 842 legit
1031 794 1145 831 illum
1164 795 1296 833 locum
1315 796 1386 833 ubi
1404 795 1433 832 J
1435 796 1536 833 udas

60 851 287 889 Scariothes
315 851 421 888 hivit
449 852 501 889 ad
529 852 558 889 J
561 852 695 899 udeos,
719 853 903 891 definivit
932 856 1027 905 quid
1047 857 1083 894 ei
1103 857 1248 895 darent
1277 863 1324 896 ut
1351 858 1537 896 traderet

59 912 292 950 Dominum.
361 913 441 957 Qui
472 914 584 950 locus
617 918 661 950 at
690 914 761 951 ubi
794 914 922 952 lectus
955 916 1091 963 fuerit,
1125 922 1267 956 tantus
1300 919 1462 968 rugitus
1495 924 1537 957 et

58 976 236 1025 mugitus
255 978 318 1013 est
343 975 470 1012 totius
498 976 647 1025 populi,
668 980 716 1014 ut
735 977 872 1015 nullus
892 978 946 1016 sit
966 980 1035 1030 qui
1054 982 1206 1018 moveri
1234 995 1318 1019 non
1344 982 1471 1031 possib
1490 982 1536 1018 in

64 1041 237 1078 lacrimis
265 1042 309 1078 in
337 1054 386 1078 ea
414 1042 524 1079 hora.
584 1042 845 1080 Postmodum
866 1043 912 1080 fit
931 1045 1071 1090 oratio,
1093 1043 1389 1082 benedicuntur
1408 1047 1539 1084 cathe-

65 1105 225 1151 cumini,
245 1104 499 1155 postmodum
519 1106 668 1152 fideles,
689 1110 731 1142 et
750 1106 797 1142 fit
816 1106 946 1143 missa.

290 1337 326 1375 6.
356 1336 530 1386 Maundy
566 1336 897 1388 Thursday.—(a>
929 1338 1101 1388 Eveniny
1132 1339 1290 1378 Masses.

143 1447 249 1485 Item
287 1449 430 1497 quinta
471 1447 573 1485 feria
611 1452 789 1497 aguntur
826 1461 873 1486 ea
911 1449 960 1487 de
996 1451 1106 1499 pullo
1142 1453 1271 1501 primo
1308 1465 1409 1502 quae
1447 1466 1535 1490 con-

62 1511 286 1548 suetudinis
314 1514 376 1547 est
404 1523 531 1560 usque
559 1510 610 1547 ad
638 1524 756 1548 mane
785 1510 837 1548 ad
866 1512 1083 1560 Anastase,
1105 1514 1290 1551 similiter
1318 1515 1370 1552 ad
1397 1517 1532 1562 tertia,

61 1576 103 1609 et
138 1570 192 1608 ad
229 1575 355 1609 sexta.
433 1570 590 1608 Octava
632 1574 767 1607 autem
813 1570 911 1607 hora
952 1571 1075 1620 juxta
1118 1571 1449 1608 consuetudinem
1486 1571 1539 1612 ad.

62 1634 310 1684 Martyrium
330 1634 489 1682 colliget
510 1645 552 1670 se
566 1633 693 1669 omnis
713 1632 906 1681 populus:
931 1636 1143 1682 propterea
1163 1637 1299 1669 autem
1318 1634 1537 1683 temporius

60 1710 183 1747 quam
203 1696 347 1734 ceteris
368 1696 521 1742 diebus,
544 1696 638 1745 quia
665 1695 784 1732 citius
811 1695 933 1731 missa
960 1695 1047 1732 fieri
1075 1708 1235 1732 necesse
1263 1698 1337 1732 est.
1393 1696 1538 1745 Itaque

61 1772 156 1810 ergo
175 1760 340 1796 collecto
360 1758 469 1796 omni
488 1758 635 1808 populo
654 1761 834 1807 aguntur
853 1770 955 1807 quae
975 1757 1131 1807 agenda
1151 1760 1247 1794 sunt
1261 1771 1272 1804 3
1300 1757 1348 1794 fit
1368 1758 1454 1806 ipsa
1474 1758 1538 1795 die

60 1822 213 1860 oblatio
243 1821 295 1858 ad
328 1821 587 1870 Martyrium,
623 1824 664 1857 et
697 1820 850 1857 facitur
883 1821 1004 1856 missa
1038 1820 1136 1857 hora
1168 1819 1341 1856 forsitan
1372 1819 1536 1858 decima.

61 1885 230 1931 Ibidem,
252 1888 373 1921 antea
402 1888 538 1920 autem
567 1896 686 1932 quam
714 1883 787 1919 fiat
812 1883 942 1929 missa,
966 1883 1104 1919 mittet
1134 1895 1268 1919 vocem
1297 1882 1538 1919 archidiaco-

60 1960 146 1993 ηας,
170 1950 211 1984 et
231 1946 360 1984 dicet:
394 1948 415 1967 ‘⁶
431 1945 546 1983 Hora
565 1946 695 1995 prima
720 1946 848 1983 noctis
875 1958 1011 1983 omnes
1030 1946 1074 1982 in
1092 1946 1256 1983 ecclesia
1276 1958 1377 1995 quae
1405 1950 1467 1983 est
1493 1946 1538 1983 in

61 2008 214 2046 Eleona
234 2008 532 2054 conveniamus,
556 2009 744 2058 quoniam
763 2009 962 2045 maximus
983 2009 1095 2045 labor
1121 2008 1236 2045 nobis
1262 2008 1392 2044 instat
1420 2008 1538 2046 hodie

60 2078 176 2110 nocte
195 2073 310 2110 ista.⁷'
366 2072 494 2110 Facta
513 2085 608 2122 ergo
627 2074 749 2110 missa
770 2073 964 2124 Martyrii
984 2074 1193 2125 venit[ur]
1217 2079 1308 2125 post
1338 2075 1506 2112 Crucem
1520 2089 1531 2123 3

60 2137 209 2173 dicitur
228 2136 285 2172 ibi
304 2148 407 2172 unus
427 2148 571 2184 ymnus
591 2140 768 2182 tantum,
788 2137 835 2173 fit
857 2138 995 2184 oratio,
1019 2142 1060 2175 et
1080 2138 1220 2175 offeret
1247 2138 1454 2189 episcopus
1477 2138 1534 2174 ibi

63 2201 319 2244 oblationem,
340 2203 381 2236 et
402 2199 696 2236 communicant
725 2212 871 2236 omnes.
930 2199 1113 2248 Excepta
1138 2200 1244 2235 enim
1269 2200 1356 2248 ipsa
1375 2201 1439 2238 die
1458 2215 1540 2239 una

62 2275 132 2312 per
152 2265 286 2299 totum
315 2274 467 2297 annum
496 2273 702 2310 nunquam
730 2260 912 2297 offeritur
942 2265 1033 2310 post
1062 2260 1242 2306 Crucem,
1263 2262 1341 2298 nisi
1368 2262 1455 2312 ipsa
1474 2263 1538 2302 die

65 2328 239 2362 tantum.
299 2323 427 2360 Facta
455 2336 548 2373 ergo
574 2328 615 2360 et
643 2323 700 2359 ibi
728 2324 861 2370 missa,
881 2324 966 2360 itur
993 2322 1044 2359 ad
1064 2323 1265 2359 Anastase
1279 2336 1289 2370 3
1317 2323 1366 2360 fit
1384 2327 1513 2363 oratio
1526 2340 1538 2374 3

64 2387 362 2425 benedicuntur
387 2387 509 2438 juxta
538 2385 869 2423 consuetudinem
898 2385 1165 2422 cathecumini
1192 2389 1233 2422 et
1252 2386 1307 2422 sic
1326 2387 1472 2434 fideles»,
1495 2393 1537 2426 et

68 2451 111 2488 fit
131 2451 262 2487 missa.
