1747 3121
148 169 232 212 540
780 179 1011 210 APPENDIX.

146 279 272 317 tertia
303 278 413 326 hora,
438 279 533 330 quia
562 279 633 317 illo
662 282 840 329 tempore
864 279 1052 318 Salvator
1075 279 1304 319 voluntarie
1335 280 1551 320 crucifixus
1571 283 1634 318 est

147 342 199 380 ad
232 342 446 380 salvandos
476 355 549 380 nos
579 345 627 379 ut
658 343 772 380 nobis
806 343 1040 380 libertatem
1073 343 1438 384 tribueret—234.
1474 344 1635 382 Deinde

147 407 270 444 etiam
299 406 399 444 hora
429 410 544 443 sexta
575 409 698 452 orate,
732 406 827 456 quia
856 407 928 444 illa
962 407 1062 444 hora
1099 407 1288 444 universa
1326 411 1512 446 creatura
1549 420 1636 459 per-

147 470 317 507 turbata
347 472 410 506 est
439 471 603 518 propter
629 467 787 506 facinus
813 469 1027 506 scelestum
1051 483 1076 506 a
1094 469 1264 507 Judaeis
1286 474 1636 520 perpetratum.—

149 533 240 570 235.
272 531 388 569 Hora
420 543 528 568 nona
557 531 707 568 iterum
738 536 868 578 orent,
899 532 994 582 quia
1032 532 1103 569 illa
1141 532 1240 570 hora
1274 532 1464 571 Christus
1501 534 1635 571 oravit

148 598 190 631 et
227 594 399 631 tradidit
436 594 624 643 spiritum
661 594 706 631 in
742 607 887 632 manus
925 594 1061 632 Patris
1099 595 1323 635 sut—236.
1361 595 1498 634 Etiam
1536 596 1636 634 hora

148 669 227 706 qua
269 656 328 694 sol
366 656 513 694 occidit
549 660 678 704 orent,
718 658 812 707 quia
850 661 913 695 est
950 658 1163 707 completio
1200 658 1441 698 diei.—237.
1477 658 1636 698 Deinde

148 720 270 758 etiam
290 721 450 770 λυχνικῷ
468 731 632 768 vespere
651 724 780 766 orent,
798 721 892 770 quia
909 719 1047 758 David
1068 720 1167 758 dicit
1182 736 1191 760 :
1219 720 1388 759 “Nocte
1406 721 1637 771 loquor.''—

151 782 239 820 238.
276 781 434 818 Deinde
468 782 591 819 etiam
621 782 754 820 media
784 787 903 820 nocte
934 787 1062 830 orent,
1092 784 1186 833 quia
1220 783 1357 821 David
1387 784 1494 822 idem
1522 784 1633 823 fecit.

149 844 301 883 Paulus
335 848 471 881 autem
505 848 548 882 et
579 843 694 892 Silas,
728 845 872 883 famuli
905 845 1068 892 Christi,
1103 849 1324 883 oraverunt
1355 845 1487 883 media
1516 851 1636 884 nocte

150 912 193 946 et
224 907 497 945 laudaverunt
522 907 816 946 Deum.——239.
855 908 1036 958 Obligati
1067 921 1203 946 sumus
1233 908 1361 958 igitur
1393 913 1441 946 ut
1468 909 1550 947 Dei
1579 922 1636 948 re-

150 971 357 1010 cordemur
393 971 503 1009 omni
539 971 797 1009 hora—240.
841 971 898 1008 Et
935 971 1096 1021 quando
1133 972 1223 1022 quis
1270 972 1465 1010 insomnis
1513 985 1636 1022 supra

150 1036 300 1072 lectum
353 1034 508 1084 positus
566 1038 628 1071 est
682 1033 803 1071 debet
851 1046 966 1071 orare
1012 1034 1056 1070 in
1103 1033 1220 1071 corde
1266 1046 1347 1081 suo,
1397 1034 1471 1073 hoc
1517 1035 1636 1074 modo

150 1099 313 1137 faciens.
354 1127 363 1136 .
405 1128 414 1136 .
455 1097 614 1136 .-041.
655 1096 914 1134 Christianus
953 1097 1063 1134 lavet
1110 1109 1253 1134 manus
1300 1097 1409 1134 omni
1455 1100 1637 1147 tempore

151 1161 311 1214 quando
341 1161 590 1198 orat—242.
623 1159 703 1205 Qui
736 1165 872 1197 autem
903 1160 1062 1210 alligati
1092 1164 1190 1197 sunt
1220 1159 1476 1198 matrimonio
1514 1172 1636 1210 quan-

152 1226 372 1275 documque
417 1238 442 1262 a
487 1224 616 1262 latere
662 1224 798 1261 uxoris
837 1236 1000 1273 surgere
1037 1223 1177 1269 velint,
1216 1227 1360 1261 orent:
1407 1223 1637 1272 conjugium

151 1289 258 1326 enim
288 1300 370 1325 non
402 1286 742 1324 maculat—243.
773 1286 916 1336 Neque
945 1290 1036 1336 post
1067 1286 1412 1336 regenerationem
1442 1299 1541 1336 opus
1574 1291 1637 1324 est

151 1353 322 1397 lavacro,
348 1354 516 1399 excepta
546 1349 698 1387 lotione
728 1362 932 1395 manuum,
960 1348 1062 1386 nihil
1091 1352 1314 1398 praeterea,
1336 1349 1431 1398 quia
1460 1348 1637 1399 Spiritus

151 1417 315 1452 sanctus
335 1413 527 1451 odoratur
548 1425 690 1462 corpus
709 1411 840 1449 fidelis
859 1411 981 1461 idque
1000 1415 1133 1450 totum
1152 1415 1311 1461 purgat.

235 1476 325 1513 244.
357 1475 484 1513 Curet
521 1475 648 1524 igitur
686 1474 857 1524 quilibet
894 1479 942 1511 ut
980 1474 1168 1523 diligenti
1205 1473 1340 1511 studio
1377 1476 1467 1511 oret
1504 1473 1638 1512 media

152 1543 280 1585 nocte,
310 1538 404 1588 quia
434 1541 570 1588 patres
604 1538 734 1575 nostri
767 1537 961 1574 dixerunt
992 1537 1063 1574 illa
1095 1537 1195 1574 hora
1225 1550 1380 1575 omnem
1411 1541 1638 1576 creaturam

153 1603 204 1641 ad
242 1602 451 1639 servitium
489 1601 640 1651 gloriae
678 1600 840 1637 divinae
877 1600 1024 1649 parari,
1057 1600 1294 1650 ordinesque
1324 1599 1558 1649 angelorum
1595 1604 1638 1638 et

154 1665 308 1703 animas
345 1665 546 1713 justorum
584 1662 820 1701 benedicere
859 1662 960 1708 Deo,
991 1662 1086 1712 quia
1123 1666 1302 1700 testatur
1343 1662 1543 1701 Dominus
1582 1663 1640 1701 di-

154 1728 288 1777 citque
319 1725 368 1763 de
400 1725 499 1763 hoc:
541 1724 718 1762 “Media
747 1728 884 1762 autem
917 1727 1036 1761 nocte
1068 1723 1215 1762 clamor
1245 1723 1380 1762 factus
1412 1727 1497 1763 est:
1536 1724 1640 1763 Ecce

153 1802 321 1840 sponsus
341 1789 467 1834 venit,
488 1788 596 1826 exite
616 1788 777 1825 obviam
797 1787 869 1824 ei.''

236 1852 324 1889 245.
357 1850 483 1889 Porro
521 1854 657 1888 autem
696 1854 877 1900 tempore
914 1862 992 1899 quo
1030 1850 1141 1887 canit
1179 1850 1320 1900 gallus,
1361 1850 1640 1890 instituendae

154 1919 251 1952 sunt
277 1914 480 1951 orationes
506 1913 550 1950 in
576 1913 761 1958 ecclesiis,
784 1912 879 1962 quia
906 1912 1106 1950 Dominus
1133 1912 1256 1952 dicit:
1287 1912 1518 1962 “vigilata
1544 1913 1640 1963 quia

155 1976 320 2014 nescitis
353 1989 431 2025 qua
461 1975 560 2013 hora
594 1974 723 2012 Filius
754 1973 927 2011 hominis
953 1977 1152 2011 venturus
1183 1974 1272 2021 sit‚’'
1297 1987 1351 2011 an
1375 1974 1473 2024 galli
1502 1979 1637 2022 cantu,

155 2052 208 2076 an
227 2051 354 2076 mane.

239 2100 327 2138 246.
360 2099 446 2138 Nos
473 2103 608 2137 autem
642 2112 724 2136 una
755 2112 845 2136 cum
871 2098 1168 2136 catechumenis
1194 2098 1365 2136 invicem
1389 2099 1638 2137 instruamus

156 2163 417 2212 nosmetipsos
450 2161 499 2199 de
529 2161 696 2198 servitio
731 2160 810 2198 Dei
826 2174 837 2208 3
866 2164 965 2198 tunc
997 2160 1209 2198 daemones
1242 2173 1325 2198 non
1353 2164 1523 2210 possunt
1548 2174 1639 2199 con-

157 2227 322 2263 tristare
341 2238 414 2262 nos
435 2223 596 2274 quando
614 2224 658 2260 in
677 2224 786 2261 omni
804 2223 985 2261 oratione
1005 2221 1261 2260 recordamur
1282 2221 1447 2262 Christi.

241 2288 330 2326 247.
363 2286 488 2336 Signa
507 2286 684 2323 frontem
703 2289 818 2322 tuam
838 2285 952 2334 signo
972 2285 1099 2322 crucis
1118 2284 1170 2321 ad
1189 2284 1432 2321 vincendum
1446 2284 1641 2323 Satanam

159 2353 201 2387 et
233 2349 284 2386 acl
317 2348 572 2399 gloriandum
600 2352 764 2398 propter
787 2347 907 2385 fidem
930 2346 1205 2384 tuam.—248.
1238 2345 1329 2383 Hoc
1355 2346 1453 2383 fecit
1479 2346 1642 2396 Moyses

160 2411 211 2449 de
247 2412 444 2461 sanguine
482 2412 594 2461 Agni
632 2424 749 2461 quem
787 2410 918 2447 illevit
957 2409 1331 2459 superliminaribus
1369 2411 1411 2446 et
1456 2409 1641 2459 postibus

160 2475 388 2525 januarum,
426 2488 505 2524 qua
541 2487 586 2512 re
622 2474 777 2511 factum
814 2477 877 2510 est
913 2476 961 2510 ut
994 2475 1237 2509 sanarentur
1267 2470 1500 2508 habitantes
1531 2471 1642 2509 intra

163 2536 395 2575 illa—249.
426 2536 590 2580 Quanto
615 2536 741 2585 magis
767 2534 999 2585 purificabit
1022 2537 1065 2571 et
1089 2533 1287 2570 custodiet
1307 2533 1468 2582 sanguis
1488 2531 1642 2572 Christi

164 2610 231 2636 eos
264 2597 333 2648 qui
366 2597 535 2635 credunt
565 2597 608 2634 in
638 2610 729 2635 eum
760 2600 802 2634 et
833 2596 1030 2645 effingunt
1060 2594 1346 2645 redemptionis
1378 2594 1505 2632 totius
1535 2595 1642 2633 orbis
