1747 3121
522 205 608 234 THE
638 204 791 235 ROMAN
826 202 1034 236 ORDINES.
1428 188 1510 231 457

122 310 280 346 Deinde
321 309 611 346 oblationarius
653 309 871 345 inluminat
913 309 1012 346 duos
1060 322 1192 346 cereos
1246 314 1341 347 ante
1388 322 1509 347 secre-

41 374 145 410 tario
181 385 254 422 pro
300 372 514 409 luminaria
552 372 763 421 pontificis,
773 371 800 396 (i)
849 372 952 421 quod
997 376 1058 409 est
1101 372 1348 410 consuetudo
1401 373 1508 409 omni

39 440 227 484 tempore,
267 438 308 471 et
346 434 575 470 antecaedit
614 437 711 471 ante
750 433 1032 483 pontificem‚(³³>
1080 438 1122 471 et
1155 435 1270 484 pom't
1302 448 1367 472 eos
1401 439 1509 473 retro

39 499 179 543 altare,
219 498 263 534 in
301 496 379 533 duo
422 495 673 543 candelabra,
713 496 854 533 dextra
899 497 1077 546 levaque.
1155 497 1315 534 Deinde
1352 498 1509 535 inlumi-

39 564 141 598 nant
197 558 362 596 acolithi
416 561 639 594 cereostata
659 557 703 581 (5³³)
763 562 857 595 ante
907 559 1123 596 secrarium
1181 563 1221 596 et
1278 559 1509 609 acgreditur

39 621 226 673 pontifex
256 621 305 658 de
333 620 506 657 secrario
535 633 625 656 cum
655 620 898 666 diaconibus,
922 624 1109 658 tenentes
1137 634 1228 658 eum
1254 621 1333 658 duo
1364 621 1508 659 dextra

40 686 217 734 levaque,
260 687 301 720 et
339 682 441 719 VII.
483 686 731 720 caereostata
767 683 1014 732 procaedunt
1061 688 1156 721 ante
1193 696 1284 720 eum
1331 688 1372 721 et
1419 685 1509 722 sub-

40 748 230 785 diaconus
248 747 261 768 1
319 746 535 794 temperita
555 744 596 768 (ἰν)
657 758 746 781 cum
802 745 1183 783 thimiamasterium
1229 750 1325 783 ante
1379 747 1509 796 ponti-

38 811 162 848 ficem.
265 808 321 845 Et
368 808 445 857 ipsi
491 807 649 844 diaconi
702 808 878 856 planitas
938 807 1115 845 habeant
1166 807 1330 846 indutas
1390 822 1508 858 super

40 873 289 918 dalmaticas,
329 883 455 920 usque
493 870 587 907 dum
626 870 813 906 venerint
851 883 939 907 cum
977 870 1166 920 pontifice
1213 871 1265 908 ad
1312 884 1507 909 summum

39 935 334 986 presbiterium.
393 932 450 969 Et
470 946 558 969 cum
577 933 821 978 introierint,
844 937 993 970 exuent
1011 933 1188 982 planitas
1217 946 1315 983 quas
1342 933 1504 979 habent,

39 1002 81 1036 et
106 997 307 1046 recipiunt
333 1008 399 1032 eas
428 995 604 1031 ministri
632 995 819 1044 ipsorum.
879 995 934 1031 Et
955 995 1050 1032 dum
1069 995 1218 1032 Viderit
1242 995 1507 1034 subdiaconus

38 1061 190 1110 primus
229 1058 278 1095 de
314 1057 420 1095 scola
458 1069 522 1094 eos
561 1057 763 1106 expoliare
801 1060 842 1093 et
879 1057 1108 1106 pontificem
1145 1057 1418 1094 introeuntem
1465 1059 1508 1095 in

39 1121 286 1172 presbiterio,
330 1120 507 1169 expoliat
545 1132 586 1156 se
623 1119 780 1168 planita
819 1132 897 1169 qua
943 1124 1004 1156 est
1051 1118 1231 1166 indutus,
1277 1123 1318 1157 et
1365 1121 1507 1170 recipit

40 1199 126 1223 eam
164 1184 355 1221 accolitus
385 1182 435 1220 de
469 1183 585 1220 scola.
645 1182 700 1218 Et
733 1186 904 1231 surgunt
936 1182 1161 1219 sacerdotes
1195 1186 1236 1219 et
1270 1186 1393 1220 stant.
1453 1183 1508 1220 Et

41 1247 273 1285 subdiaconi
293 1246 361 1295 qui
381 1244 652 1282 antecaedunt
671 1244 898 1294 pontificem
919 1257 999 1281 non
1018 1248 1229 1282 transeant
1247 1257 1316 1294 pei·
1335 1245 1508 1282 medium

41 1311 181 1356 scolae,
220 1308 289 1345 sed
328 1308 474 1344 dextra
512 1307 679 1356 levaque
726 1310 880 1343 stantes
923 1307 1067 1343 subtus
1104 1307 1290 1353 cancello,
1333 1306 1426 1344 hinc
1467 1312 1508 1345 et

40 1372 143 1410 inde.
230 1371 285 1408 Et
334 1383 423 1407 cum
469 1369 852 1419 adpropinquaverit
897 1368 1081 1418 pontifex
1128 1369 1245 1415 scola,
1293 1373 1406 1406 stant
1451 1371 1509 1408 ibi

41 1434 207 1473 acolithi
236 1447 325 1471 cum
352 1437 585 1477 cereostata,
610 1435 828 1478 mutantes,
854 1431 1059 1468 novissimi
1087 1432 1215 1481 primi.
1274 1431 1329 1468 Et
1357 1434 1508 1470 transit

40 1498 223 1549 pontifex
262 1510 351 1534 cum
383 1496 559 1533 diaconis
598 1508 667 1544 per
701 1494 872 1531 mediam
902 1494 1056 1540 scolam,
1090 1498 1130 1531 et
1159 1494 1303 1531 annuit
1332 1495 1461 1544 primo
1476 1495 1508 1520 (V)

41 1560 168 1597 scolae
205 1562 253 1595 ut
291 1558 450 1594 dicatur
493 1555 638 1593 Gloria.
699 1555 754 1591 Et
792 1555 904 1592 venit
942 1555 1049 1604 prior
1083 1555 1287 1604 episcopus
1325 1559 1365 1592 et
1401 1556 1509 1605 prior

41 1625 239 1675 presbiter
254 1637 264 1671 3
311 1622 383 1659 dat
426 1622 482 1658 eis
520 1634 657 1671 pacem
690 1620 887 1669 pontifex,
919 1618 1064 1657 deinde
1102 1624 1143 1656 et
1175 1619 1226 1656 ad
1265 1619 1509 1659 diaconosfvi)

42 1687 96 1724 Et
130 1687 164 1724 si
199 1685 383 1736 pontifex
421 1684 584 1720 minime
621 1682 759 1728 fuerit,
800 1682 984 1718 similiter
1030 1681 1101 1717 dat
1148 1681 1337 1718 diaconus
1374 1694 1510 1731 pacem

41 1750 109 1799 qui
141 1750 229 1798 ipsa
259 1748 348 1784 diae
378 1747 556 1783 lecturus
588 1749 649 1782 est
680 1744 944 1793 evangelium.
1015 1742 1172 1780 Deinde
1209 1742 1376 1792 psallit2
1414 1748 1510 1781 ante

41 1813 181 1858 altare,
221 1816 263 1848 et
308 1814 392 1847 stat
440 1809 636 1845 inclinato
685 1808 816 1856 capite
855 1810 896 1843 et
933 1805 1090 1843 diaconi
1132 1805 1327 1842 similiter.
1401 1805 1509 1843 Dum

42 1874 192 1912 dixerit
230 1872 336 1909 scola
374 1870 480 1909 Sicut
518 1875 600 1907 erat
639 1870 678 1906 in
710 1868 913 1919 principio,
960 1868 1119 1915 erigunt
1167 1880 1208 1904 se
1255 1865 1411 1904 diaconi
1458 1869 1509 1904 ab

659 2040 697 2084 (i)
724 2039 893 2085 pontifex.

646 2096 694 2139 (ii)
723 2095 889 2140 pontifex.

638 2150 703 2195 (iii)
731 2161 821 2184 ceor.

635 2206 698 2250 (iv)
725 2205 882 2250 teperita.

646 2261 696 2305 (v)
724 2260 885 2305 primum.

634 2315 696 2360 (vi)
725 2315 920 2350 diaconum.

110 2493 121 2513 ¹
145 2493 219 2524 The
257 2490 446 2523 subdeacon
485 2488 656 2529 temper-ita
688 2496 866 2526 reappears
897 2486 984 2517 later
1014 2497 1065 2517 on⁴
1112 2486 1129 2517 I
1156 2487 1198 2519 do
1229 2490 1287 2519 not
1324 2488 1422 2521 know
1454 2491 1512 2522 the

46 2544 207 2584 meaning
222 2543 258 2574 of
272 2542 342 2573 this
358 2539 602 2582 qualification.

111 2596 122 2613 ²
145 2595 187 2626 In
211 2594 282 2625 this
307 2595 381 2624 text
405 2592 464 2622 the
481 2590 562 2622 verb
584 2590 732 2631 psallere,
757 2588 888 2620 besides
911 2588 956 2619 its
980 2588 1139 2629 ordinary
1164 2590 1325 2631 meaning
1349 2594 1384 2622 to
1408 2592 1512 2625 chant

46 2656 67 2677 a
81 2646 201 2686 psalm,
217 2643 369 2685 signifies
386 2643 466 2673 here
482 2644 517 2673 to
533 2640 664 2672 ascend
