1747 3121
203 138 288 179 254
352 146 587 178 cfflusrrAN
618 143 841 175 WORSHIP:
875 141 942 172 Irs
975 138 1125 170 omem
1157 139 1247 168 AND
1279 138 1536 170 Evoturron.

272 251 421 288 Exultet
439 252 515 298 Jam
543 250 699 296 angelica
721 248 824 284 turba
843 246 1038 281 caelorum!
1070 245 1231 280 exultent
1253 244 1372 279 divina
1388 243 1577 290 mysteria!
1628 244 1676 280 Et

203 321 264 355 pro
302 308 394 343 tanti
417 307 509 352 regis
549 305 697 340 victoria
737 303 822 337 tuba
855 302 993 336 intonet
1026 300 1207 335 salutaris!
1261 298 1450 334 Gaudeatl
1492 302 1529 334 et
1568 299 1673 335 tellus

203 364 310 399 tantis
343 362 515 397 inradiata
556 359 761 404 fulgoribus,
789 361 825 392 et
858 355 992 391 aeterni
1020 355 1119 399 regni
1162 353 1347 400 splendore
1380 354 1540 397 lustrata,
1568 354 1676 389 totius

203 419 298 454 orbis
337 429 374 452 se
419 416 548 451 sentiat
590 414 747 448 amisisse
792 411 997 457 caliginem!
1058 410 1229 445 Laetetur
1271 412 1308 444 et
1355 412 1469 444 mater
1517 409 1677 445 Ecclesia

203 474 293 510 tanti
332 472 474 507 luminis
514 470 684 505 adornata
725 467 868 513 fulgore,
912 470 948 502 et
987 465 1124 511 magnis
1164 463 1373 511 populorum
1407 464 1554 500 vocibus
1586 465 1676 501 haec

203 529 284 564 aula
301 527 464 563 resultet!

275 585 503 628 Quapropter,
538 577 757 613 adstantibus
790 576 902 621 vobis,
943 576 1087 611 Fratres
1124 575 1308 619 karissimi,
1352 574 1397 610 ad
1437 578 1512 609 tam
1552 575 1678 610 miram

205 640 315 676 sancti
342 639 446 682 hujus
474 636 615 670 luminis
647 635 852 675 claritatem,
882 645 952 668 una
983 644 1133 676 meeum,
1165 644 1305 678 quaes0,
1334 632 1402 667 Dei
1428 633 1678 679 omnipotentis

206 692 479 729 misericordiam
507 691 690 734 invocate;
725 693 764 723 ut
793 689 851 734 qui
881 699 937 723 me
967 700 1038 722 non
1067 688 1155 722 meis
1184 688 1317 722 meritis
1345 689 1437 722 intra
1465 688 1678 723 levitarum2

207 760 390 784 numerum
424 747 588 791 dignatus
622 748 676 779 est
707 745 908 789 adgregare,
943 743 1085 777 luminis
1115 743 1167 778 sui
1196 743 1308 789 gratia
1336 743 1556 787 infundente,
1586 745 1678 780 cerei

205 805 309 850 hujus
326 802 467 837 laudem
486 799 631 846 implere
655 799 856 845 praecipiat.
906 799 973 833 Per
990 803 1231 844 resurgentem
1248 798 1359 834 filium
1377 810 1479 834 suum
1497 799 1678 835 dominum

204 864 375 903 nostrum,
394 862 461 893 etc.

279 916 423 951 Sursum
442 913 548 949 corda
562 913 671 958 i—Rz.
698 911 882 946 Habemus
900 911 943 946 ad
961 911 1173 947 Dominum!

278 969 418 1006 Gratias
459 979 603 1014 agamus
645 967 797 1002 Domino
849 966 925 1001 Deo
976 970 1093 1001 nostro
1107 968 1222 1011 l—Rz.
1271 968 1426 1013 Dignum
1472 972 1507 1004 et
1543 969 1679 1016 justum

207 1028 278 1062 est!

279 1082 382 1125 Vere,
414 1079 495 1125 quia
524 1078 668 1124 dignum
699 1081 735 1112 et
758 1077 895 1122 justum
925 1080 979 1111 est
1007 1076 1218 1112 invisibilem
1248 1077 1363 1112 Deum
1401 1078 1679 1124 omnipotentem

210 1138 361 1179 Patrem,
382 1135 579 1180 Filiumque
606 1134 681 1178 ejus
706 1133 937 1178 unigenitum,
965 1131 1144 1166 dominum
1167 1135 1325 1166 nostrum
1348 1133 1371 1167 J
1375 1144 1472 1168 esum
1490 1133 1680 1177 Christum,

211 1197 285 1227 toto
316 1191 430 1226 cordis
460 1202 501 1225 ac
531 1191 658 1224 mentis
691 1188 820 1224 affectu
853 1194 889 1223 et
918 1188 1014 1223 vocis
1048 1188 1240 1224 ministerio
1273 1201 1471 1235 personare.
1520 1191 1586 1232 Qui
1618 1203 1680 1237 pro

209 1247 309 1283 nobis
345 1250 488 1281 aeterno
523 1245 619 1280 Patri
655 1245 753 1280 Adae
789 1244 944 1279 debitum
979 1243 1084 1278 solvit
1114 1247 1149 1278 et
1174 1244 1303 1278 veteris
1328 1244 1457 1291 piaculi
1483 1246 1680 1281 cautionem

212 1303 269 1348 pio
301 1313 423 1337 cruore
455 1301 610 1335 detersit.
660 1300 761 1334 Haec
792 1303 873 1334 sunt
904 1299 997 1334 enim
1028 1299 1118 1334 festa
1147 1299 1340 1343 Paschalia,
1359 1301 1396 1334 in
1424 1300 1549 1346 quibus
1577 1313 1682 1336 verus

209 1357 267 1392 ille
301 1357 424 1401 Agnus
458 1355 638 1399 occiditur,
673 1356 816 1399 ejusque
850 1355 990 1398 sanguis
1023 1354 1182 1399 postibus
1216 1359 1449 1391 consecratur.
1508 1356 1551 1390 In
1584 1356 1682 1401 qua³

212 1411 364 1458 primum
388 1415 508 1456 patres
534 1414 671 1444 nostros
694 1409 782 1443 filios
808 1408 943 1443 Israhel
969 1409 1123 1443 educens
1149 1409 1191 1443 de
1217 1410 1380 1456 Aegypto
1405 1411 1562 1446 Rubrum
1585 1423 1682 1447 mare

212 1467 305 1501 sicco
339 1465 489 1510 vestigio
522 1465 671 1499 transire
705 1464 826 1499 fecisti.
886 1464 987 1499 Haec
1021 1464 1125 1509 igitur
1158 1476 1230 1499 nox
1261 1470 1314 1499 est
1343 1477 1432 1511 quae
1458 1471 1681 1512 peccatorum

212 1522 374 1557 tenebras
408 1521 592 1556 columnae
625 1520 892 1555 inluminatione
923 1521 1098 1565 purgavit.
1161 1520 1260 1555 Haec
1285 1532 1357 1556 nox
1383 1526 1437 1556 est
1461 1534 1552 1568 quae
1578 1523 1683 1558 hodie

211 1591 274 1625 per
299 1579 503 1613 universum
528 1577 699 1612 mundum
724 1577 759 1611 in
786 1576 925 1611 Christo
951 1577 1143 1621 credentes,
1171 1589 1192 1611 a
1218 1578 1311 1613 vitiis
1336 1579 1466 1614 saeculi
1484 1585 1684 1626 segregatos

212 1639 248 1669 et
275 1634 424 1679 caligine
452 1637 685 1679 peccatorum,
714 1632 828 1666 reddit
856 1632 998 1677 gratiae,
1028 1632 1139 1667 sociat
1162 1633 1348 1668 sanctitati.
1399 1635 1500 1670 Haec
1523 1647 1596 1670 nox
1619 1640 1682 1681 est,

214 1692 249 1726 in
290 1703 361 1737 qua
395 1689 580 1725 destructis
613 1688 760 1723 vinculis
794 1688 916 1722 mortis
951 1687 1109 1722 Christus
1141 1687 1185 1722 ab
1219 1687 1337 1723 inferis
1371 1689 1483 1724 victor
1516 1690 1684 1726 ascendit.

214 1746 311 1781 Nihil
328 1745 422 1780 enim
440 1743 536 1778 nasci
553 1743 683 1789 profuit
699 1743 765 1777 nisi
783 1742 905 1777 redimi
923 1742 1118 1787 profuisset.

286 1802 315 1837 O
350 1801 438 1836 mira
471 1801 562 1835 circa
595 1811 659 1834 nos
691 1804 773 1834 tuae
807 1799 947 1845 pietatis
974 1799 1150 1844 dignatio!
1200 1799 1229 1834 O
1255 1800 1519 1837 inaestimabilis
1545 1802 1685 1840 dilectio

219 1858 394 1894 caritatis!
443 1857 496 1892 Ut
520 1867 660 1891 servum
685 1855 876 1890 redimeres
901 1854 1011 1888 filium
1036 1855 1229 1891 tradidisti!
1280 1855 1308 1890 O
1332 1860 1426 1891 certe
1449 1859 1686 1893 necessarium

219 1915 317 1950 Adae
348 1917 546 1960 peccatum,
565 1911 659 1957 quod
688 1910 817 1945 Christi
847 1914 960 1944 morte
987 1909 1140 1944 deletum
1167 1911 1238 1946 est!
1291 1911 1320 1946 O
1346 1910 1429 1946 felix
1455 1912 1569 1958 culpa,
1596 1925 1686 1959 quae

220 1971 326 2005 talem
351 1980 392 2003 ac
416 1972 557 2002 tantum
583 1966 711 2001 meruit
736 1965 865 1999 habere
891 1965 1171 2010 redemptorem!
1221 1965 1250 2000 O
1277 1965 1380 2000 beata
1404 1977 1488 2010 nox,
1506 1979 1594 2013 quae
1613 1967 1686 2003 sola

220 2024 349 2060 meruit
382 2024 470 2058 scire
504 2028 644 2067 tempus
678 2024 713 2055 et
746 2020 878 2063 horam,
909 2019 944 2053 in
974 2031 1042 2065 qua
1072 2019 1229 2054 Christus
1258 2020 1302 2055 ab
1331 2021 1450 2056 inferis
1478 2024 1686 2059 resurrexit!

221 2083 320 2116 Haec
349 2091 422 2114 nox
452 2082 506 2113 est
532 2077 575 2112 de
604 2088 672 2122 qua
697 2076 865 2121 scripturn
892 2079 965 2109 est:
999 2076 1049 2110 Et
1073 2088 1144 2110 nox
1168 2078 1260 2111 sicut
1286 2078 1359 2111 dies
1389 2078 1683 2123 inluminabitur,

218 2139 266 2172 Et
299 2149 370 2172 ηοω
403 2135 642 2170 inluminatio
675 2144 753 2167 'mea
785 2133 827 2165 in
860 2131 993 2166 deliciis
1026 2133 1120 2166 ineis.
1181 2132 1296 2178 Hujus
1326 2132 1431 2178 igitur
1459 2134 1689 2170 sanctificatio

286 2314 295 2332 ¹
320 2312 395 2344 The
424 2311 521 2343 three
552 2309 713 2342 Gallican
745 2306 1032 2339 Sacramentaries
1071 2306 1182 2339 have:
1216 2306 1370 2338 Gaudeat
1405 2318 1436 2339 se
1466 2310 1568 2340 tantis
1600 2310 1694 2341 illius

219 2365 409 2396 inradiata.

289 2417 301 2434 ²
326 2416 548 2453 Sacerdotum,
564 2414 601 2445 in
624 2413 685 2445 the
708 2413 800 2444 Miss.
829 2412 921 2444 Goth.
967 2411 1053 2442 This
1076 2411 1106 2442 is
1129 2421 1149 2442 a
1173 2411 1310 2443 variant
1336 2410 1451 2442 which
1473 2411 1623 2452 depende
1649 2423 1691 2444 on

222 2467 282 2498 the
299 2466 456 2507 question
471 2465 625 2497 whether
641 2464 700 2495 the
716 2464 904 2503 officiating
920 2463 1076 2493 minister
1091 2462 1121 2493 is
1137 2472 1157 2493 a
1172 2462 1277 2501 priest
1293 2472 1328 2492 or
1344 2472 1363 2492 a
1378 2462 1508 2502 bishop.

286 2517 297 2534 ³
322 2516 408 2547 This
431 2526 593 2556 pronoun,
609 2515 680 2546 like
705 2515 765 2546 the
788 2514 870 2546 verb
887 2515 1011 2556 fecisti,
1036 2515 1072 2544 at
1097 2512 1156 2543 the
1183 2512 1250 2543 end
1274 2512 1311 2543 of
1335 2512 1395 2543 the
1418 2515 1587 2552 sentence,
1611 2514 1691 2546 does

223 2570 281 2599 not
297 2567 360 2598 fall
376 2567 411 2597 in
429 2566 536 2606 easily
552 2566 637 2597 with
653 2565 745 2596 what
761 2565 900 2595 follows.
947 2563 1148 2603 Something
1169 2564 1259 2594 must
1280 2563 1368 2596 have
1384 2563 1491 2595 fallen
1510 2568 1579 2603 out,
1595 2576 1632 2596 as
1657 2567 1693 2597 in

227 2620 287 2652 the
303 2628 378 2650 case
394 2618 431 2649 of
445 2617 504 2648 the
521 2617 627 2648 words
643 2616 740 2648 Nihil
757 2617 853 2654 enim,
870 2625 889 2646 a
905 2615 998 2646 little
1014 2615 1114 2646 lower
1130 2614 1237 2645 down.
