1747 3121
182 181 264 222 508
815 191 1044 222 APPENDIX.

427 430 481 481 (by)
513 429 633 479 Niyht
662 428 815 467 Station
844 441 891 466 on
921 427 980 465 the
1012 428 1147 465 Mount
1177 428 1224 478 ⁰f
1252 428 1390 467 Oliva-3.

262 578 317 616 Et
338 577 394 615 sic
413 575 686 625 unusquisque
714 572 886 610 festinat
914 572 1066 609 reverti
1084 571 1128 608 in
1148 570 1308 610 domum
1336 586 1463 620 suam,
1483 577 1531 611 ut
1550 586 1658 611 man-

177 642 323 688 ducet3
352 639 447 690 quia
476 637 617 675 statim
643 640 690 673 ut
715 634 1063 680 manducaverint,
1086 646 1222 671 omnes
1250 633 1402 672 vadent
1429 635 1473 672 in
1493 635 1655 682 Eleona,

178 704 222 741 in
242 702 407 741 ecclesia
426 714 483 747 ea,
507 701 552 737 in
570 712 649 749 qua
669 702 730 736 est
752 699 943 748 spelunca
961 698 1006 734 in
1024 710 1104 747 qua
1131 697 1218 747 ipsa
1246 697 1312 735 die
1341 698 1540 736 Dominus
1568 713 1658 737 cum

177 766 366 816 apostolis
405 764 496 801 fuit.
555 762 611 799 Et
648 762 706 799 ibi
743 773 868 811 usque
901 759 954 797 ad
988 759 1086 797 hora
1123 760 1254 797 noctis
1291 760 1468 798 forsitan
1503 761 1657 811 quinta,

177 842 331 878 semper
362 831 433 865 aut
463 825 589 877 ymni,
619 828 692 862 aut
723 823 971 873 antiphonae
1009 827 1129 872 aptae
1163 822 1241 860 diei
1273 827 1315 860 et
1345 823 1440 870 loco,
1474 824 1660 862 similiter

178 897 219 929 et
249 891 439 928 lectiones
470 889 662 926 dicuntur
677 900 688 934 3
720 887 987 937 interpositae
1017 886 1220 923 orationes
1251 886 1385 934 fiunt3
1421 886 1509 924 loca
1537 887 1660 924 etiam

178 968 225 993 ea
244 954 293 992 de
312 952 520 1002 evangelio
548 952 739 1000 leguntur
759 951 803 987 in
823 950 969 999 quibus
999 948 1199 986 Dominus
1227 949 1426 986 allocutus
1455 953 1518 987 051,
1546 949 1661 987 disci-

179 1017 293 1068 pulos
311 1015 450 1053 eadem
470 1014 544 1059 die,
574 1012 715 1050 sedens
744 1013 788 1049 in
814 1011 951 1049 eadem
981 1011 1169 1060 spelunca
1197 1023 1298 1060 quae
1317 1011 1360 1048 in
1379 1012 1467 1061 ipsa
1492 1012 1661 1049 ecclesia

180 1085 254 1119 est.
312 1080 368 1117 Et
387 1078 481 1116 inde
498 1077 582 1128 jam
608 1076 707 1113 hora
735 1075 864 1113 noctis
894 1074 1068 1111 forsitan
1095 1078 1211 1110 sexta
1238 1074 1323 1111 itur
1352 1087 1448 1112 susu
1467 1075 1511 1112 in
1530 1075 1662 1113 Imbo-

180 1157 274 1181 mon
294 1155 385 1181 cum
403 1141 535 1191 ymnis
554 1140 599 1176 in
618 1151 664 1176 eo
683 1138 769 1176 loco
787 1137 896 1175 unde
924 1136 1106 1173 ascendit
1136 1135 1334 1173 Dominus
1352 1137 1397 1173 in
1416 1137 1548 1175 caelis,
1606 1137 1662 1174 Et

181 1207 239 1245 ibi
267 1206 399 1244 denuo
429 1202 614 1240 similiter
644 1200 836 1238 lectiones
865 1203 907 1236 et
935 1199 1048 1248 ymni
1078 1201 1119 1235 et
1151 1198 1398 1248 antiphonae
1429 1203 1549 1249 aptae
1581 1198 1662 1237 diei

181 1269 401 1312 dicuntur;
442 1265 644 1302 orationes
674 1263 796 1300 etiam
827 1262 937 1311 ipsae
968 1273 1240 1310 quaecumque
1273 1261 1390 1307 fiunt,
1424 1274 1524 1311 quas
1554 1261 1662 1299 dicet

183 1332 401 1382 episcopm,
424 1340 581 1378 semper
601 1331 643 1364 et
664 1325 742 1363 diei
763 1329 804 1362 et
824 1325 909 1362 loco
929 1328 1046 1374 aptas
1067 1323 1184 1361 dicet.

617 1571 667 1622 (c)
697 1569 868 1608 Stations
898 1573 937 1605 at
970 1566 1236 1607 Gethsemane.

269 1708 333 1744 Ac
365 1706 420 1742 sic
453 1716 547 1754 ergo
573 1715 663 1740 cum
693 1701 844 1751 ceperit
874 1712 957 1737 esse
986 1699 1188 1749 pullorum
1221 1702 1375 1745 cantus,
1409 1698 1669 1738 descenditur

190 1771 239 1809 de
277 1770 487 1806 Imbomon
516 1779 605 1804 cum
642 1765 775 1815 ymnis
803 1768 844 1801 et
873 1761 1124 1813 accedit[u1·]
1157 1761 1294 1799 eodem
1323 1762 1410 1800 loco
1437 1763 1507 1800 ubi
1535 1765 1667 1801 oravit

192 1833 400 1877 Dominus,
428 1831 532 1867 sicut
564 1829 758 1878 scriptum
788 1830 850 1864 est
879 1827 922 1863 in
953 1825 1183 1874 evangelio:
1223 1823 1276 1861 Et
1305 1824 1461 1862 accessit
1491 1831 1668 1876 quantum

186 1898 314 1947 jactus
343 1893 497 1944 lapidis,
519 1896 554 1930 et
583 1890 715 1936 oravit,
743 1894 784 1927 et
813 1893 958 1926 cetera.
1017 1887 1070 1924 In
1095 1900 1141 1924 eo
1163 1887 1271 1924 enim
1298 1887 1385 1925 loco
1413 1888 1580 1926 ecelesia
1607 1895 1669 1927 est

192 1957 363 2006 elegans.
422 1953 660 2003 Ingreditur
689 1953 746 1989 ibi
775 1953 980 2002 episcopus
1001 1957 1042 1989 et
1062 1953 1189 1989 omnis
1217 1954 1414 2003 populus3
1443 1954 1591 1992 dicitur
1610 1955 1668 1993 ibi

191 2019 320 2056 oratio
351 2022 448 2068 apta
480 2018 566 2055 1000
597 2019 638 2053 01,
671 2016 775 2063 diei;
816 2015 965 2052 dicitur
996 2016 1118 2052 etiam
1149 2028 1255 2052 unus
1284 2029 1429 2065 ymnus
1462 2021 1591 2066 aptus,
1625 2023 1666 2056 et

191 2081 340 2130 legitur
359 2081 444 2128 ipse
464 2079 572 2116 locus
593 2077 642 2114 de
662 2076 878 2126 evangelio,
902 2077 971 2114 ubi
996 2077 1102 2114 dixit
1122 2077 1328 2127 discipulis
1348 2078 1452 2115 suis:
1491 2078 1663 2127 Viyz'late,

191 2155 237 2179 ‘ne
258 2141 405 2179 intretis
434 2140 475 2178 in
491 2138 789 2190 demptationem.
849 2138 904 2175 Et
933 2139 1060 2176 omnis
1088 2139 1172 2188 ipse
1199 2139 1307 2176 locus
1334 2140 1557 2190 perlegitur
1585 2141 1666 2190 ibi3

190 2207 231 2240 01,
251 2203 298 2239 fit
319 2201 451 2240 denuo
471 2202 612 2239 oratio.

272 2268 328 2305 Et
355 2268 438 2317 jam
466 2265 560 2302 inde
589 2277 678 2301 cum
705 2263 837 2313 ymnis
866 2274 991 2312 usque
1012 2261 1063 2299 ad
1082 2261 1272 2298 minimus
1292 2261 1428 2299 infans
1456 2263 1500 2300 in
1526 2264 1667 2302 Gessa-

189 2331 299 2368 mani
327 2329 497 2379 pedibus
529 2339 618 2363 cum
647 2326 829 2375 episcopo
863 2324 1105 2361 descendent
1120 2337 1130 2370 ,·
1169 2324 1240 2360 ubi
1272 2336 1368 2373 prae
1400 2328 1485 2361 tam
1518 2338 1666 2376 magna

189 2394 310 2431 turba
337 2391 625 2436 multitudinis,
657 2394 699 2426 et
728 2388 895 2438 fatigati
923 2387 973 2425 de
1005 2387 1153 2436 vigiliis
1183 2391 1226 2424 et
1258 2387 1424 2436 jejuniis
1455 2389 1667 2427 cotidianis

189 2457 293 2502 lassi,
316 2456 411 2505 quia
430 2459 513 2491 tam
533 2465 723 2502 magnum
741 2456 919 2489 montem
939 2463 1099 2488 necesse
1115 2449 1269 2487 habent
1282 2449 1535 2498 descendere,
1556 2452 1667 2490 lente

189 2524 230 2556 et
263 2519 373 2555 lente
406 2530 495 2554 cum
531 2516 663 2565 ymnis
696 2515 859 2551 venitur
897 2514 941 2550 in
980 2513 1227 2550 Gessamani.
1288 2512 1491 2550 Candelae
1528 2518 1666 2552 autem

189 2580 480 2619 ecclesiasticae
508 2591 627 2627 super
654 2577 850 2614 ducentae
880 2579 1047 2626 paratae
1076 2579 1174 2612 sunt
1202 2579 1365 2625 propter
1393 2576 1530 2614 lumen
1558 2579 1666 2614 omni

190 2643 344 2693 populo.
403 2641 504 2678 Cum
531 2652 624 2689 ergo
643 2643 883 2689 perventum
912 2638 1038 2675 fuerit
1066 2638 1110 2675 in
1141 2638 1385 2684 Gessamani,
1417 2638 1464 2675 fit
1492 2639 1664 2689 primum
