1747 3121
188 214 273 257 374
332 223 565 255 cnfflsrrAN
596 220 819 253 worzsnrr:
851 218 919 249 rrs
950 218 1102 249 omem
1133 218 1223 247 AND
1255 216 1517 247 EVOLUTION.

257 328 373 362 Deum
404 325 513 360 totius
544 321 830 358 sanctificationis
861 332 904 356 ac
936 320 1078 366 pietatis
1110 323 1300 363 auctorem,
1330 319 1391 365 qui
1416 320 1660 366 placationem⁴

186 394 287 419 suam
315 385 352 417 et
379 379 549 416 sacrificia
576 382 612 414 et
644 389 744 413 sacra
777 375 967 419 constituit,
994 376 1136 411 Fratres
1162 375 1387 420 dilectissimi,
1413 375 1653 422 deprecemur,

185 440 238 475 uti
256 439 352 474 hunc
367 436 538 472 famulum
555 446 657 470 suum
674 446 782 480 quem
799 432 956 468 exaltare
973 433 1010 467 in
1027 432 1189 468 Ecclesia
1205 436 1242 467 et
1258 432 1434 467 seniorum
1457 433 1655 478 cathedrae,

186 493 417 531 concordibus
445 503 509 527 sua
534 490 761 536 inspiratione
780 488 925 535 judiciis
951 492 987 523 et
1007 488 1126 524 effusis
1147 499 1252 534 super
1273 487 1414 535 plebem
1439 500 1540 524 suam
1564 489 1657 524 votis

185 550 346 586 fidelibus
367 560 408 583 ac
425 558 554 582 vocum
573 544 793 590 testimoniis,
810 543 921 579 voluit
941 543 1085 589 imponi,
1104 543 1293 579 conlocans
1318 554 1399 578 eum
1424 555 1505 578 cum
1529 544 1658 590 princi-

185 606 286 653 pibus
319 602 439 651 populi
472 601 543 646 sui;
578 600 624 635 ad
657 611 780 635 eorum
811 610 906 634 nunc
938 610 1080 644 precem
1112 598 1314 633 universam
1346 598 1496 633 eundem
1521 610 1659 635 summo

186 660 379 698 sacerdotio
396 658 517 693 debita
532 656 675 692 honoris
691 655 920 702 plenitudine,
939 654 1194 690 charismatum
1211 654 1323 699 gratia
1340 654 1661 690 sanctificationum

185 717 358 759 ubertate,
392 726 434 748 ac
466 712 654 759 praecipue
687 710 898 746 humilitatis
931 710 1062 745 virtute
1096 709 1308 756 locupletet:
1333 713 1374 744 ut
1400 713 1516 745 rector
1541 711 1659 757 potius

184 784 257 808 non
285 769 486 812 extollatur,
514 767 577 803 sed
608 768 646 802 in
678 767 840 802 omnibus
874 777 911 801 se
943 769 1116 812 quantum
1149 769 1203 800 est
1234 765 1347 811 major
1379 765 1583 809 humilians,
1616 767 1662 802 sit

184 828 222 863 in
252 826 336 872 ipsis
369 823 470 871 quasi
502 834 593 858 unus
626 834 672 858 ex
704 821 792 866 illis;
826 821 943 857 omnia
966 821 1101 866 judicia
1130 821 1273 857 Domini
1301 821 1411 856 nostri
1436 833 1509 856 non
1534 833 1598 868 pro
1625 834 1664 858 se

184 887 325 921 tantum
353 881 417 916 sed
443 883 479 915 et
506 891 570 926 pro
599 879 694 914 omni
723 878 853 925 populo
881 878 942 923 qui
971 877 1201 913 sollicitudini
1230 889 1315 912 suae
1344 878 1497 913 creditur
1522 883 1662 915 contre-

184 940 347 974 miscens.
396 937 447 972 Ut
475 935 536 982 qui
564 934 763 970 meminerit
793 934 836 969 de
865 933 1127 980 speculatorum
1153 933 1316 968 manibus
1342 933 1501 969 omnium
1525 934 1664 970 animas

185 994 423 1042 requirendas,
450 1004 514 1039 pro
543 991 702 1027 omnium
734 989 849 1025 salute
878 989 1074 1035 pervigilet,
1102 989 1269 1036 pastorali
1303 1002 1386 1036 erga
1420 990 1570 1026 creditas
1596 992 1663 1027 sibi

185 1062 270 1087 oves
309 1048 453 1085 Domini
494 1047 673 1093 diligentia
714 1045 812 1092 ejus1
854 1057 993 1091 semper
1033 1057 1070 1080 se
1111 1044 1423 1090 flagrantissimum
1462 1045 1662 1092 adprobans

183 1108 442 1143 mandatorum.
501 1104 552 1140 Ut
595 1103 701 1149 igitur
742 1102 965 1149 praefuturus
1009 1101 1181 1145 omnibus,
1224 1100 1356 1136 electus
1401 1113 1447 1136 ex
1490 1102 1664 1141 omnibus,

184 1161 356 1197 universis
388 1158 495 1195 sacris
524 1157 771 1202 sacrandisque
797 1156 944 1190 idoneus
968 1155 1041 1199 fiat,
1067 1155 1132 1190 sub
1151 1155 1229 1198 hac,
1254 1166 1344 1200 quae
1365 1159 1420 1190 est
1443 1155 1577 1191 homini
1602 1169 1666 1203 per

183 1217 365 1252 hominem
412 1217 590 1260 postrema
646 1211 856 1256 benedictio,
910 1214 1153 1246 consummata
1201 1213 1308 1256 atque
1364 1210 1530 1256 perfecta,
1580 1223 1666 1247 suae

185 1270 469 1315 consecrationis,
510 1271 651 1304 nostrae
700 1266 973 1313 subplicationis,
1021 1265 1272 1300 adtentissimis
1315 1266 1666 1313 concordissimisque

185 1331 342 1367 omnium
370 1328 533 1376 precibus
565 1327 796 1373 adjuvemur;
832 1325 989 1360 omnium
1027 1336 1090 1370 pro
1128 1326 1203 1370 ipso
1237 1324 1348 1359 oratio
1380 1324 1573 1370 incumbat,
1608 1327 1665 1361 cui

185 1387 355 1424 exorandi
389 1397 453 1433 pro
489 1384 649 1420 omnibus
681 1383 819 1430 pondus
859 1382 1062 1429 imponitur.
1110 1383 1282 1428 Impetret
1315 1382 1346 1417 ei
1379 1382 1526 1419 affectus
1558 1385 1666 1420 totius

184 1443 365 1479 Ecclesiae
412 1441 591 1483 virtutem,
642 1439 822 1486 pietatem,
872 1437 1196 1480 sanctificationem,
1249 1441 1285 1472 et
1333 1442 1489 1473 caeteras
1538 1440 1665 1475 summi

185 1496 371 1534 sacerdotii
405 1507 524 1531 sacras
565 1494 666 1529 dotes
706 1493 891 1528 universae
928 1491 1107 1527 Ecclesiae
1147 1492 1357 1536 profuturas,
1392 1493 1545 1529 Domino
1585 1495 1663 1530 Deo

184 1557 314 1598 nostro,
356 1551 417 1598 qui
458 1561 636 1585 sacrorum
677 1560 864 1583 munerum
904 1547 1058 1593 profluus
1096 1547 1174 1581 fons
1212 1551 1275 1591 est,
1309 1547 1366 1593 qui
1402 1548 1463 1583 dat
1500 1550 1663 1586 omnibus

185 1608 391 1651 adfluenter,
430 1606 525 1652 quod
565 1603 738 1639 sacerdoti
777 1602 836 1648 pio
877 1602 1006 1637 affectu
1046 1601 1212 1647 poscitur,
1247 1601 1293 1636 ad
1333 1602 1583 1637 exundandam
1623 1602 1660 1637 in

185 1663 347 1699 omnibus
384 1659 698 1696 sanctificationem
737 1668 881 1693 suorum
914 1657 1082 1700 onmium,
1108 1656 1368 1702 promptissime
1394 1668 1435 1692 ac
1460 1657 1660 1704 plenissime

185 1715 415 1753 conferent&

280 1909 400 1950 Then
448 1905 649 1948 followed
699 1904 772 1945 the
813 1902 1105 1957 consecrating
1145 1917 1308 1957 prayer.
1370 1904 1458 1946 The
1498 1905 1667 1947 Missale

194 1980 455 2020 Francorum
484 1975 570 2016 and
599 1973 673 2015 the
706 1972 908 2013 Gelasian
938 1972 1264 2026 Sacramentary
1292 1986 1414 2027 agree
1443 1973 1490 2014 in
1520 1975 1669 2030 giving

191 2048 292 2089 here
330 2047 404 2087 the
444 2045 613 2085 Roman
662 2046 756 2082 text
805 2041 917 2081 Deus
956 2041 1161 2080 honorum
1201 2042 1401 2092 omnium,
1443 2043 1521 2083 but
1561 2044 1669 2085 with

193 2131 217 2157 a
266 2116 368 2170 long
418 2111 655 2155 additional
713 2123 901 2164 passage,
952 2109 1093 2150 which
1151 2109 1189 2150 is
1239 2110 1430 2165 wanting
1486 2111 1535 2152 in
1594 2113 1668 2154 the

259 2316 270 2335 ¹
295 2316 381 2347 This
401 2324 545 2356 passage
568 2314 598 2345 is
614 2323 697 2353 very
714 2314 851 2353 corrupt
875 2312 912 2343 in
936 2312 997 2343 the
1021 2312 1113 2344 Miss.
1133 2312 1203 2351 Fr„
1228 2313 1343 2345 which
1366 2313 1482 2345 reads:
1501 2316 1670 2356 pastorali

194 2378 271 2409 crya
301 2367 444 2399 creditas
474 2366 537 2397 sibi
567 2375 636 2397 oves
666 2364 805 2397 Domini
836 2364 1030 2406 diligentiae
1062 2366 1132 2405 ejus
1161 2375 1283 2407 semper
1312 2375 1345 2396 se
1365 2365 1670 2406 flaqrantissz‘mum

193 2417 390 2459 adprobatus.
456 2417 499 2449 Te
536 2417 730 2448 delictorum
767 2415 919 2457 acliqitur
948 2415 1179 2457 praefuturus,
1217 2426 1256 2448 ea:
1288 2415 1435 2448 omnibus
1465 2417 1594 2456 electus,
1630 2428 1669 2449 0oe

194 2469 341 2502 omnibus
357 2469 528 2500 universis.
555 2492 562 2499 .
587 2492 594 2499 .
620 2492 627 2499 .

259 2519 272 2537 ²
296 2519 382 2550 This
412 2519 609 2559 formulam,
632 2517 748 2550 which
777 2517 808 2549 is
837 2518 908 2549 also
937 2517 1180 2558 incompatible
1204 2517 1290 2549 with
1313 2518 1444 2549 Roman
1466 2529 1583 2560 usage,
1608 2520 1669 2552 did

194 2572 254 2602 not
277 2569 350 2601 find
372 2570 417 2601 its
440 2580 515 2610 way
537 2570 611 2601 into
634 2569 694 2600 the
717 2568 911 2607 Pontifical,
934 2568 1049 2600 which
1072 2569 1134 2600 has
1157 2569 1238 2600 here
1263 2568 1324 2600 the
1350 2569 1536 2612 formulary
1562 2571 1668 2612 given

194 2622 310 2659 above,
335 2622 371 2652 at
400 2631 432 2661 p.
458 2622 530 2653 360.
577 2620 761 2652 Construe:
794 2619 937 2652 Domino
953 2645 960 2651 .
985 2644 993 2652 .
1018 2645 1025 2651 .
1042 2621 1232 2662 conferente,
1258 2620 1305 2652 ad
1328 2622 1566 2655 emundandam
1592 2648 1599 2656 .
1627 2648 1635 2656 .

194 2674 281 2714 quod
293 2672 441 2714 poscitur
458 2672 618 2703 sacerdoti
634 2671 891 2711 (consecrando).
