1747 3121
574 197 774 229 CANONEs
805 197 1047 230 HIPPOLYTI,
1467 195 1550 237 525

84 299 124 335 of
144 299 368 346 Hippolytus,
394 299 521 346 where,
547 300 583 335 in
606 300 665 335 the
691 301 822 336 second
844 305 933 347 part,
960 304 997 337 at
1021 301 1119 348 least,
1150 301 1236 347 they
1260 312 1352 338 were
1378 304 1550 349 arranged

81 355 118 390 in
134 368 155 391 a
172 356 333 391 different
349 357 458 392 order.

151 410 170 445 I
193 410 285 445 have
308 410 470 446 followed
494 412 587 446 Herr
604 411 748 446 Achelis
772 411 808 446 in
832 412 888 446 his
913 412 1062 448 division
1086 413 1160 448 into
1185 414 1411 460 paragraphs,
1437 415 1501 449 but
1526 415 1545 450 I

79 465 171 501 have
197 466 287 501 been
313 466 382 501 less
404 466 517 501 lavish
539 467 625 500 than
649 468 694 502 he
722 468 760 501 in
780 467 841 502 the
865 479 929 503 use
948 468 988 502 of
1009 468 1174 503 brackets
1202 472 1239 504 to
1268 470 1422 505 indicate
1439 470 1548 505 inter-

79 522 222 568 polated
254 534 429 568 passages.
496 523 582 557 This
614 523 643 557 is
672 526 735 557 not
767 523 918 558 because
949 524 968 558 Ι
1000 524 1161 559 consider
1193 525 1254 560 the
1288 526 1478 561 document
1509 539 1547 562 as

79 577 260 612 authentic
277 577 313 612 in
330 577 375 612 all
400 578 444 612 its
460 582 567 623 parm,
584 578 649 612 but
665 578 816 613 because
834 579 894 613 the
911 579 1129 624 assignment
1146 581 1186 615 of
1205 581 1304 616 these
1321 586 1416 627 parts
1433 594 1548 617 seems

77 637 114 668 to
132 644 189 667 me
206 636 243 667 to
261 633 305 667 be
322 645 343 667 a
361 633 507 667 difficult
524 637 663 668 matter.
712 633 731 667 I
755 633 847 668 have
872 645 918 668 no
945 634 1056 669 doubt
1080 635 1159 670 that
1182 636 1242 670 the
1265 648 1345 671 new
1363 636 1494 671 edition
1511 637 1551 671 of

77 689 139 724 the
154 689 268 723 works
291 688 331 723 of
350 689 401 724 St.
416 688 631 734 Hippolytus
648 688 765 723 which
783 689 876 723 Herr
893 689 1037 724 Achelis
1058 690 1087 724 is
1112 691 1300 736 preparing
1313 692 1325 713 1
1343 691 1415 726 will
1431 692 1546 727 throw

78 742 269 779 additional
301 743 389 788 light
422 754 469 778 on
501 743 571 777 this
605 743 756 777 delicate
789 743 900 789 point.
958 744 992 778 It
1024 744 1054 778 is
1080 747 1204 790 owing,
1238 745 1376 791 indeed,
1411 749 1447 781 to
1475 747 1546 782 this

77 798 299 843 uncertainty
316 798 394 832 that
410 798 429 832 I
444 797 537 832 have
562 798 666 832 made
692 809 729 832 so
755 797 843 832 little
870 809 931 834 use
957 799 997 834 of
1016 799 1077 835 the
1103 799 1244 835 Canons
1269 801 1309 836 of
1330 801 1544 847 Hippolytus

77 855 112 891 in
128 855 197 891 this
213 865 291 890 new
305 853 435 889 edition
452 853 491 889 of
510 853 571 889 the
588 857 729 900 present
746 853 852 890 work.

577 1109 769 1148 CANoNEs
799 1109 1043 1149 HIPPOLYTI.

157 1239 190 1278 1.
221 1240 335 1278 Ante
367 1240 501 1278 omnia
533 1240 648 1277 nobis
682 1240 957 1278 disserendum
991 1244 1052 1278 est
1087 1240 1135 1279 cle
1168 1242 1247 1280 fide
1280 1257 1393 1282 sacra
1431 1258 1539 1293 sana,

73 1318 174 1356 quae
202 1309 263 1343 est
292 1305 341 1343 de
370 1305 529 1343 domino
556 1308 694 1343 nostro
720 1305 820 1343 Jesu
850 1305 1013 1343 Christo
1042 1306 1123 1343 filio
1151 1307 1230 1344 Dei
1256 1309 1350 1346 vivi.
1407 1309 1543 1348 Posui-

71 1381 158 1406 mus
187 1381 280 1417 ergo
308 1368 351 1405 id
379 1368 423 1405 in
450 1367 529 1404 fide
557 1368 818 1417 contentique
843 1368 886 1404 in
905 1368 1013 1405 omni
1040 1369 1346 1417 patientia—2.
1379 1370 1542 1423 [Itaque

70 1430 304 1481 profitemur
331 1430 421 1479 jure
450 1430 692 1466 Trinitatem
720 1442 821 1479 quae
850 1432 912 1466 est
938 1430 1099 1467 omnino
1122 1431 1299 1480 aequalis
1318 1433 1361 1469 in
1379 1433 1538 1480 honore,

72 1506 156 1531 esse
184 1493 391 1542 aequalem
418 1493 462 1529 in
489 1492 617 1541 gloria
643 1505 771 1543 neque
797 1505 881 1529 esse
906 1493 982 1542 ipsi
1004 1493 1167 1530 initium
1186 1507 1314 1543 neque
1333 1495 1542 1547 finem.]—-—

73 1557 109 1594 3.
158 1556 341 1593 Verbum
378 1559 441 1593 est
478 1555 585 1592 filius
623 1554 713 1601 Dei,
752 1555 821 1604 qui
859 1558 921 1592 est
959 1558 1117 1592 creator
1153 1557 1281 1593 omnis
1319 1562 1539 1606 creaturae,

71 1618 243 1656 visibilis
271 1622 313 1655 et
340 1618 661 1655 invisibilis—4.
698 1616 788 1654 Hoc
817 1618 1034 1654 statuimus
1062 1619 1244 1655 unanimi
1272 1624 1413 1657 contra
1442 1622 1540 1659 istos

71 1681 248 1732 perditos
286 1680 466 1718 homines
503 1680 573 1729 qui
610 1680 658 1716 cle
695 1680 816 1717 verbo
855 1680 934 1717 Dei
971 1680 1126 1717 nefaria
1158 1680 1397 1730 edixerunt3
1435 1684 1539 1721 sicut

70 1744 228 1781 locutus
256 1746 319 1780 est
348 1741 398 1780 de
425 1743 576 1779 talibus
605 1742 788 1779 dominus
816 1746 954 1779 noster
979 1741 1098 1779 Jesus
1119 1742 1408 1783 Christus—5.
1441 1746 1540 1784 Ideo

69 1805 199 1843 multo
236 1805 363 1854 magis
401 1817 472 1842 nos
510 1809 601 1842 arta
637 1805 785 1842 unione
817 1805 862 1841 in
893 1805 1048 1842 virtute
1082 1805 1162 1842 Dei
1194 1807 1400 1856 conjuncti
1432 1822 1540 1859 sepa-

69 1868 245 1904 ravimus
274 1867 363 1904 illos
392 1867 578 1916 quoniam
608 1879 690 1904 non
718 1867 976 1903 consentiunt
1002 1867 1203 1904 Ecclesiae
1227 1868 1271 1905 in
1290 1868 1389 1916 Deo,
1410 1883 1539 1920 neque

69 1929 278 1967 nobiscum
324 1932 433 1975 sunt,
482 1929 553 1978 qui
592 1942 728 1966 sumus
766 1929 952 1978 discipuli
989 1930 1289 1979 scripturarum.
1361 1932 1539 1983 Ideoque

70 1992 342 2041 separavimus
370 1991 459 2028 illos
488 1991 539 2028 ab
568 1990 747 2028 Ecclesia
775 1995 817 2028 et
843 2004 1003 2028 causam
1029 2004 1165 2029 eorum
1186 1993 1274 2029 Deo
1293 1995 1538 2032 commenda-

69 2055 212 2100 vimus,
260 2065 332 2091 nos
379 2053 450 2102 qui
491 2052 762 2101 judicabimus
800 2057 1026 2090 creaturam
1062 2054 1106 2090 in
1140 2055 1408 2103 justitia—6.
1458 2056 1538 2094 Eos

70 2122 205 2155 autem
243 2118 312 2167 qui
350 2118 551 2167 ignorant,
590 2118 640 2155 de
673 2130 718 2155 eo
752 2119 940 2156 certiores
973 2118 1140 2155 facimus
1174 2120 1259 2156 sine
1290 2120 1454 2168 invidia,
1486 2135 1537 2159 ne

70 2181 115 2217 in
141 2182 311 2217 mortem
338 2179 484 2216 malam
514 2179 702 2216 decidant
731 2180 836 2216 sicut
863 2179 1065 2228 haeretici,
1091 2180 1159 2217 sed
1184 2182 1311 2218 vitam
1331 2187 1536 2221 aeternam
1577 2172 1580 2176 ”

69 2244 313 2287 mereantur,
362 2244 404 2278 et
455 2244 503 2278 ut
549 2241 719 2279 doceant
767 2241 869 2279 filios
916 2245 1173 2292 posterosque
1227 2242 1330 2280 hanc
1377 2244 1536 2282 unicam

67 2303 197 2341 fidem.

154 2364 188 2403 7.
221 2364 442 2414 Episcopus
475 2364 650 2413 eligatur
683 2376 734 2401 ex
766 2365 875 2402 omni
907 2366 1063 2414 populo.
1131 2365 1301 2404 Sedatus
1334 2368 1397 2415 sit,
1430 2370 1536 2407 sicut

70 2426 119 2465 de
152 2427 222 2464 illo
249 2427 293 2464 in
321 2426 500 2477 apostolo
528 2427 720 2476 scriptum
749 2426 916 2465 est-8.
956 2427 1009 2464 In
1037 2440 1084 2465 ea
1113 2432 1247 2466 autem
1275 2429 1532 2478 hebdomade,

134 2593 144 2612 ¹
168 2593 243 2627 Vol.
274 2593 309 2635 i„
332 2593 444 2627 which
475 2593 505 2626 is
535 2593 583 2625 all
614 2592 690 2625 that
720 2591 782 2625 has
812 2594 870 2634 yet
900 2593 1078 2635 appeared,
1109 2592 1187 2627 does
1217 2595 1276 2626 not
1306 2595 1443 2627 contain
1474 2596 1533 2627 the

73 2645 217 2679 Canens.

1262 2700 1353 2741 2M
