1747 3121
560 183 644 212 THE
675 181 892 212 GALLIOAN
924 182 1049 211 MAss.
1459 171 1538 212 211

157 289 244 329 The
264 287 488 329 recitation
509 287 555 328 of
573 287 645 328 the
667 286 866 341 diptychs
888 299 974 327 was
996 284 1194 326 followed
1215 284 1272 338 by
1295 284 1367 325 the
1389 298 1542 338 prayer

71 360 169 400 Post
187 357 362 398 nomina
376 371 448 396 :—

555 528 751 553 COLLECTIO
777 527 865 552 POST
890 526 1049 551 NOMINA.

143 607 297 652 Suscipe‚
341 617 560 652 quaesumus,
605 605 755 640 Domine
789 606 878 640 Jesu
923 605 1143 649 omnipotens
1189 604 1299 647 Deus,
1333 603 1544 638 sacrificium

71 662 183 697 laudis
217 662 372 697 oblatum
403 661 495 706 quod
525 672 588 707 pro
617 665 678 695 tua
712 661 882 695 hodierna
915 659 1162 694 incarnatione
1192 670 1213 693 a
1246 658 1347 693 nobis
1381 658 1543 703 offertum

71 723 109 754 et
140 730 202 764 per
235 729 319 752 eum
358 717 407 751 sic
445 716 653 762 propitiatus
696 715 817 750 adesto
851 719 890 750 ut
923 715 1166 761 superstitibus
1207 714 1329 759 vitam,
1372 714 1545 749 defunctis

72 773 227 819 requiem
258 773 392 807 tribuas
425 771 684 816 sempiternam.
734 771 888 805 Nomina
917 782 1064 815 quorum
1099 773 1180 804 sunt
1213 769 1417 803 recitatione
1452 780 1546 803 com-

72 830 175 875 plexa
216 828 319 863 scribi
355 827 481 872 jubeas
521 826 558 860 in
599 826 817 870 aeternitate,
861 837 923 871 pro
965 825 1090 870 quibus
1131 825 1321 870 apparuisti
1362 824 1397 858 in
1431 835 1545 868 carne,

75 884 237 919 Salvator
254 882 385 926 mundi⁷
406 882 465 927 qui
479 893 559 916 cum
577 885 764 916 coaeterno
787 882 888 915 Patre
907 880 996 915 vivis
1016 883 1052 914 et
1070 890 1204 924 regnaS,
1226 882 1293 913 etc.

161 1024 262 1065 This
295 1023 332 1064 is
366 1023 439 1064 the
473 1021 589 1063 third
622 1022 667 1063 of
696 1021 768 1063 the
795 1034 968 1075 prayers
995 1020 1040 1061 of
1069 1020 1141 1062 the
1173 1020 1292 1061 Mass
1319 1019 1542 1073 according

79 1100 124 1136 to
148 1094 206 1136 St.
231 1090 425 1133 Isidore.l

548 1281 614 1321 11.
651 1280 733 1319 The
766 1279 868 1320 Kiss
901 1279 951 1333 of
978 1279 1118 1320 Peace.

166 1384 401 1426 GERMAIN:
445 1383 595 1423 Pacem
640 1385 780 1421 autem
832 1380 921 1420 ideo
966 1376 1232 1420 Christiani2
1272 1381 1417 1418 mutuo
1450 1390 1552 1431 pro-

72 1455 225 1510 ferunt
270 1457 319 1493 ut
355 1465 435 1506 per·
487 1455 683 1492 mutuum
730 1449 911 1490 osculum
959 1452 1122 1489 teneant
1162 1448 1211 1489 in
1264 1460 1303 1487 se
1362 1446 1554 1487 caritatis

80 1524 283 1578 affectum.

167 1591 255 1632 The
285 1589 504 1642 following
534 1601 687 1642 prayer
713 1585 1013 1641 accompanied
1045 1586 1117 1627 the
1154 1598 1379 1639 ceremony
1410 1585 1455 1626 of
1483 1585 1555 1626 the

86 1660 188 1702 Kiss
210 1660 256 1701 os
274 1657 436 1701 Peace3
454 1673 523 1698 1——

595 1863 707 1888 COLLE
712 1862 791 1886 OTIO
817 1861 868 1885 AD
895 1862 1032 1887 PACEM.

155 1943 386 1989 Omnipotens
420 1941 632 1987 sempiterne
679 1940 786 1983 Deus,
825 1939 885 1984 qui
932 1939 1025 1973 hunc
1060 1939 1151 1973 diem
1188 1938 1443 1973 Incarnationis
1477 1942 1559 1973 tuae

85 2002 122 2034 et
168 2002 288 2043 partus
336 1997 462 2031 beatae
512 1995 646 2030 Mariae
696 1994 840 2039 virginis
901 1994 1124 2040 consecrasti,
1174 1994 1305 2039 quique
1353 1993 1558 2027 discordiam

87 2057 263 2089 vetustam
295 2063 357 2098 per
390 2051 705 2096 transgressionem
738 2049 822 2094 ligni
856 2049 983 2084 veteris
1014 2060 1095 2084 cum
1129 2049 1261 2094 angelis
1295 2053 1330 2083 et
1375 2049 1560 2083 homnibus

88 2121 149 2156 per
189 2107 445 2143 Incarnationis
491 2106 705 2150 mysterium,
753 2104 840 2150 lapis
880 2105 1065 2150 angularis,
1108 2104 1278 2150 junxisti;
1323 2104 1367 2138 da
1409 2103 1560 2138 familiae

88 2174 168 2202 luae
204 2166 241 2200 in
285 2164 351 2200 hac
397 2164 599 2199 celebritate
632 2162 821 2207 laetitiam3
862 2167 902 2198 ut
942 2163 1002 2209 qui
1048 2168 1082 2198 te
1129 2167 1328 2198 consortem
1371 2163 1406 2197 in
1449 2162 1562 2197 carnis

153 2323 165 2343 ¹
192 2323 251 2366 Op.
267 2324 321 2355 cit.
367 2322 514 2353 “Tertia
536 2324 649 2354 autem
673 2322 863 2354 effunditur
887 2332 946 2362 pro
967 2320 1187 2352 offerentibus
1212 2321 1285 2354 sive
1306 2331 1366 2362 pro
1391 2320 1563 2352 defunctis

90 2375 257 2413 fidelibus,
274 2377 313 2406 ut
329 2384 389 2414 per
404 2374 496 2404 idem
513 2373 717 2405 sacrificium
733 2373 868 2405 veniam
886 2371 1166 2412 consequantur.”

155 2427 166 2444 ²
194 2425 329 2464 Christi,
346 2425 383 2456 in
399 2424 458 2456 the
474 2423 611 2464 printed
627 2423 766 2454 edition.

155 2477 167 2495 ³
191 2476 331 2515 Isidore,
361 2486 411 2517 op.
444 2477 519 2506 eit„-
559 2474 724 2512 “Quarta
756 2477 832 2515 post
863 2475 948 2505 haec
978 2474 1125 2505 infertur
1162 2484 1222 2515 pro
1251 2474 1364 2506 osculo
1393 2473 1495 2515 pacis,
1526 2475 1564 2505 ut

91 2527 260 2560 charitate
276 2526 486 2558 reconciliati
503 2536 617 2557 omnes
638 2525 787 2557 invicem
803 2525 908 2565 digne
930 2527 1139 2556 sacramento
1161 2525 1306 2565 corporis
1331 2529 1365 2557 et
1388 2524 1565 2564 sanguinis

92 2577 221 2611 Christi
258 2578 500 2616 consocientur,
531 2577 613 2618 quia
649 2587 714 2607 non
753 2576 873 2616 recipit
914 2576 1156 2607 dissensionem
1191 2577 1393 2617 cuiusquam
1436 2575 1565 2607 Christi

94 2628 303 2661 indivisibile
321 2638 397 2668 corp
406 2627 475 2659 us.'’
