1747 3121
518 199 604 229 THE
635 200 787 231 ROMAN
822 198 1030 230 ORDINES.
1425 187 1508 229 461

39 302 231 347 evenerit,
254 302 469 350 presbiteri
494 302 691 340 inclinato
714 304 846 353 capite
866 306 990 350 stant,
1014 307 1055 340 et
1075 304 1108 341 si
1128 304 1339 341 cotidianis
1359 305 1511 353 diebus,

39 376 172 413 genua
201 364 369 401 flectant
398 365 557 413 quando
585 365 776 402 inchoant
805 365 977 405 Sanctus.
1047 366 1103 403 Et
1140 368 1311 404 veniunt
1348 368 1513 405 acolithi

39 429 196 462 stantes
226 429 321 462 ante
351 426 480 463 altare
508 431 597 475 post
627 427 823 474 diaconos,
854 428 999 465 dextra
1025 429 1203 478 levaque,
1226 429 1400 467 involuti
1424 442 1512 466 cum

38 488 282 528 sindonibus.
353 489 409 525 Et
447 502 551 526 unus
589 502 639 526 ex
676 490 755 527 illis
793 491 998 527 involutus
1038 490 1087 528 de
1124 491 1232 540 palla
1271 504 1359 528 cum
1398 505 1513 529 cruce

37 552 168 595 sirica,
208 556 349 589 tenens
386 554 577 600 patenam
615 555 758 588 contra
796 556 936 601 pectus
970 566 1098 598 suum,
1131 556 1243 590 stans
1275 554 1440 603 primus,
1471 558 1513 591 et

38 615 107 652 alii
135 618 322 652 tenentes
351 614 479 651 sciffos
509 627 598 651 cum
626 614 770 660 fontes,
803 615 872 652 alii
901 616 1068 653 saccula.
1128 616 1183 653 Et
1222 617 1316 654 dum
1354 619 1513 655 venerit

36 678 223 728 pontifex
252 677 303 714 ad
332 677 450 714 omnis
478 677 593 714 honor
623 682 657 713 et
686 677 821 726 ςιῖονία,
852 678 959 715 levat
989 679 1089 716 duas
1116 680 1274 717 oblatas
1300 681 1344 717 in
1370 693 1513 718 manus

39 753 142 786 suas,
172 744 214 777 et
243 739 434 776 diaconus
463 739 626 776 calicem
651 743 793 776 tenens
820 744 861 777 et
885 740 1025 777 levans
1044 741 1253 790 paululum
1273 755 1398 792 usque
1418 743 1513 780 dum

39 802 160 840 dicit:
189 801 271 839 Per
286 801 411 839 omnia
431 801 585 838 saecula
605 801 849 847 saeculoram,
871 815 990 839 amen.

118 865 173 902 Et
203 868 377 914 surgunt
406 865 457 901 ab
486 864 667 901 oracione
697 864 854 901 diaconi
887 878 957 902 seu
991 869 1032 903 et
1066 867 1303 913 sacerdotes,
1339 871 1381 904 et
1416 867 1510 905 dum

37 928 186 966 dixerit
214 927 423 977 pontifex:
462 925 554 963 Pam
584 926 740 964 Domini
769 927 818 964 sit
849 941 992 977 semper
1022 928 1212 975 vobiscum,
1247 930 1392 979 accipit
1424 932 1513 968 sub-

37 990 225 1027 diaconus
253 993 445 1039 patenam
475 989 526 1025 ab
555 988 730 1026 acolitho
759 992 800 1026 et
828 990 1005 1038 porriget
1039 1003 1126 1027 eam
1159 991 1438 1030 archidiacono
1471 997 1512 1030 et

36 1057 150 1090 tenet
187 1065 274 1089 eam
313 1052 364 1089 ad
403 1052 612 1089 dexteram
645 1052 847 1100 pontificis
878 1056 919 1089 et
950 1053 1104 1102 frangit
1135 1067 1256 1091 unam
1288 1067 1336 1091 ex
1367 1055 1512 1092 oblatis

37 1128 135 1165 quas
164 1114 281 1152 offert
311 1127 383 1164 pro
413 1127 455 1151 se
487 1117 527 1151 et
559 1113 733 1150 dimittit
769 1127 956 1151 coronam
990 1116 1114 1165 ipsius
1148 1129 1265 1165 super
1299 1117 1439 1165 altare,
1471 1123 1513 1155 et

36 1177 150 1227 ponit
180 1189 302 1213 unam
332 1177 533 1225 integram
567 1179 608 1212 et
641 1176 762 1212 aliam
798 1175 971 1213 mediam
1004 1177 1049 1214 in
1080 1182 1271 1226 patenam
1305 1183 1346 1215 et
1379 1180 1513 1217 reddit

36 1238 341 1276 archidiaconus
369 1243 560 1287 patenam
586 1238 637 1274 ad
661 1238 886 1285 accolitum,
908 1243 950 1276 et
969 1239 1153 1288 pontifex
1174 1239 1287 1277 vadit
1308 1240 1359 1278 ad
1379 1242 1511 1280 sedem

36 1314 161 1339 suam.
221 1300 379 1337 Deinde
418 1300 740 1348 confranguntur
779 1300 848 1336 alii
886 1300 1043 1337 diaconi
1083 1302 1127 1338 in
1163 1306 1321 1351 patena,
1364 1316 1433 1341 seu
1471 1309 1512 1341 et

35 1364 208 1413 episcopi
237 1364 281 1399 in
314 1363 460 1400 dextra
493 1365 610 1411 parte
644 1361 791 1400 abside.
862 1363 1021 1400 Deinde
1062 1364 1171 1401 levat
1209 1365 1513 1404 archidiaconus

37 1425 198 1462 calicem
228 1424 276 1462 de
306 1425 435 1461 altare
465 1429 505 1461 et
536 1424 608 1460 dat
636 1423 688 1460 ad
717 1424 1017 1472 subdiaconum,
1051 1429 1092 1463 et
1122 1429 1206 1462 stat
1237 1440 1326 1464 cum
1352 1428 1436 1477 ipso
1461 1429 1513 1466 ad

37 1488 181 1526 dextro
210 1500 332 1525 cornu
363 1487 516 1533 altaris,
543 1490 584 1523 et
610 1486 790 1535 psallunt
818 1487 983 1524 acolithi
1010 1487 1061 1524 ad
1086 1488 1213 1525 altare
1234 1502 1323 1525 cum
1343 1491 1509 1537 saccula,

38 1555 80 1589 et
108 1554 223 1587 stant
252 1551 356 1587 circa
385 1550 524 1595 altare,
557 1553 598 1586 et
628 1549 742 1598 ponit
768 1548 1072 1587 archidiaconus
1092 1551 1247 1587 oblatas
1267 1564 1337 1600 per
1357 1553 1514 1590 saccula

37 1618 80 1652 et
121 1617 386 1651 revertuntur
428 1612 478 1648 ad
516 1612 757 1660 presbiteros
796 1616 843 1648 ut
882 1612 1199 1662 confi-angantur
1236 1617 1277 1649 et
1295 1613 1308 1634 1
1346 1614 1512 1652 interim

38 1676 221 1727 psallunt
251 1675 370 1713 Beati
398 1673 635 1712 immaculati
663 1678 817 1711 secreto
845 1675 1061 1723 presbiteri
1091 1675 1153 1711 vel
1185 1675 1370 1716 diaconi:
1408 1682 1450 1714 et
1479 1678 1514 1715 si

40 1739 258 1776 necessitas
301 1737 491 1782 evenerit,
532 1740 773 1785 rumpantur
810 1737 996 1786 primitus
1034 1738 1194 1776 oblatae
1232 1751 1255 1774 a
1291 1739 1514 1787 presbitero

38 1804 81 1839 et
110 1801 215 1837 sicut
244 1799 490 1848 frangantur
519 1798 754 1835 subdiaconi
783 1799 1011 1847 regionarii.
1071 1798 1126 1836 Et
1157 1800 1377 1837 revertitur
1408 1802 1514 1839 scola

38 1862 82 1898 in
111 1860 358 1910 presbiterio,
386 1859 429 1895 in
454 1862 571 1907 parte
594 1858 771 1904 sinistra,
792 1862 834 1895 et
853 1860 998 1895 annuit
1018 1859 1322 1897 archidiaconus
1341 1861 1447 1899 scola
1465 1866 1513 1899 ut

40 1923 202 1961 dicatur
235 1920 367 1970 Aqnus
401 1920 490 1957 Dei.
548 1920 603 1956 Et
641 1921 818 1967 interim,
858 1920 953 1957 dum
992 1920 1327 1971 confranguntur,
1365 1923 1512 1961 iterum

41 1984 292 2035 respendunt
327 1982 491 2020 acolithi
524 1983 592 2032 qui
624 1982 753 2020 sciffos
786 1987 828 2019 et
865 1984 1019 2020 amulas
1036 1982 1064 2007 (ἱ)
1093 1988 1235 2021 tenent
1262 1984 1394 2033 Aynus
1422 1986 1508 2023 Dei.

38 2047 94 2084 Et
146 2046 241 2083 dum
292 2045 467 2082 fractum
519 2043 749 2090 habuerint,
803 2045 949 2093 accipit
1001 2044 1306 2082 archidiaconus
1353 2046 1511 2083 calicem

37 2114 223 2148 sanctum
252 2122 276 2144 a
305 2107 562 2152 subdiacono,
592 2110 634 2143 et
663 2107 766 2144 alius
796 2107 987 2144 diaconus
1018 2112 1209 2157 patenam
1244 2109 1295 2144 ab
1327 2110 1511 2156 acolitho,

38 2176 80 2211 et
99 2172 256 2209 vadunt
277 2174 374 2206 ante
393 2169 634 2218 pontificem.

119 2234 283 2283 Accipit
311 2232 496 2281 pontifex
526 2236 666 2268 sancta
696 2232 744 2269 de
772 2237 937 2282 patena,
969 2232 1117 2268 mordit
1146 2244 1196 2268 ex
1224 2244 1271 2268 ea
1301 2233 1511 2281 particula,

676 2402 716 2448 (i)
743 2402 889 2438 amalas-

108 2597 115 2615 ¹
141 2596 216 2628 The
234 2595 341 2627 words
357 2598 386 2626 et
402 2595 536 2625 interim
553 2593 631 2624 dum
649 2592 922 2633 confrawyvmnftur,
941 2592 976 2621 at
991 2589 1064 2621 first
1080 2590 1144 2621 left
1161 2592 1228 2628 out,
1245 2601 1332 2623 were
1356 2592 1512 2633 supplied

41 2656 85 2678 on
102 2645 160 2677 the
178 2645 310 2685 margin
327 2645 363 2675 of
378 2644 437 2675 the
453 2642 672 2682 manuscript.

1261 2704 1341 2739 ΞΗ
