1747 3121
434 180 519 210 THE
550 180 876 211 GONSEORATION
908 181 959 211 or
990 181 1180 212 vincius.
1455 173 1538 214 425

73 305 164 339 quae
182 297 235 328 est
252 294 317 328 sub
335 293 431 328 caelo
449 293 485 328 in
502 293 680 329 stellarum
698 294 988 330 innumerabilem
1006 307 1192 330 numerum
1211 296 1303 330 Novi
1322 297 1539 332 Testamenti

72 349 282 384 haeredibus
298 349 484 394 adoptatis,
502 349 593 384 inter
610 353 744 384 ceteras
763 351 921 394 virtutes,
938 362 1024 396 quas
1043 350 1120 385 filiis
1138 351 1207 385 tuis
1226 363 1295 386 non
1313 363 1359 386 ex
1372 355 1537 398 sanguin-

71 404 148 439 ibus
173 416 290 450 neque
316 416 361 439 ex
378 404 561 439 voluntate
587 405 700 440 carnis
718 405 780 440 sed
798 406 841 440 de
859 409 921 440 tuo
941 406 1073 452 Spiritu
1090 406 1219 452 genitis
1244 407 1410 452 indidisti,
1430 408 1537 443 etiam

71 459 137 495 hoc
156 460 287 495 donum
304 460 340 494 in
357 461 526 505 quasdam
544 464 678 495 mentes
695 460 738 496 de
762 461 933 506 largitatis
957 466 1040 496 tuae
1056 461 1153 497 fonte
1178 462 1339 498 defluxit.
1389 464 1440 499 Ut
1456 475 1537 499 cum

71 515 240 551 honorem
265 516 467 561 nuptiarum
491 515 586 550 nulla
610 516 797 551 interdicta
823 516 1033 552 minuissent
1058 529 1099 553 ac
1117 529 1221 563 super
1237 522 1398 552 sanctum
1416 518 1537 564 conju-

69 572 166 616 gium
180 571 322 607 initialis
339 572 537 607 benedictio
554 577 788 617 permaneret,
808 573 1002 607 existerent
1019 576 1139 608 tamen
1158 573 1377 608 sublimiores
1396 574 1534 610 animae

70 638 158 672 quae
191 627 228 661 in
256 626 323 661 viri
355 638 396 661 ac
428 626 584 661 mulieris
614 627 740 672 copula
769 626 968 662 fastidirent
996 628 1221 671 connubium,
1251 630 1538 675 concupiscerent

70 686 339 727 sacramentum,
368 693 433 717 nec
462 682 683 717 imitarentur
707 682 801 728 quod
827 683 958 728 nuptiis
991 684 1114 728 agitur,
1143 684 1205 719 sed
1233 684 1416 729 diligerent
1442 686 1536 731 quod

69 738 201 784 nuptiis
217 741 456 784 praenotatur.
506 737 665 780 Agnovit
682 742 863 772 auctorem
881 750 983 772 suum
1007 738 1110 773 beata
1128 739 1319 784 virginitas,
1337 743 1373 774 et
1397 740 1536 775 aemula

68 794 278 839 integritatis
305 792 484 837 angelicae
506 792 599 827 illius
625 792 790 836 thalamo,
820 793 913 828 illius
943 793 1115 838 cubiculo,
1143 805 1180 829 se
1213 794 1365 839 devovit,
1393 796 1452 841 qui
1485 796 1534 831 sic

68 854 258 895 perpetuae
287 848 496 893 virginitatis
525 852 578 883 est
607 859 755 893 sponsus
789 848 1085 893 quemadmodum
1110 855 1301 896 perpetuae
1328 852 1535 897 virginitatis

68 909 123 940 est
146 904 249 939 filius.
298 903 572 949 Implorantibus
598 915 680 948 ergo
706 903 877 938 auxilium
902 909 1014 949 tuum,
1033 905 1194 949 Domine,
1220 910 1256 940 et
1281 907 1480 941 confirmari
1496 919 1534 942 se

67 959 320 995 benedictionis
336 962 419 994 tuae
436 959 698 994 consecratione
716 959 948 1005 cupientibus,
961 960 1005 994 da
1022 960 1247 1005 protectionis
1258 965 1340 996 tuae
1354 962 1536 997 munimen

68 1018 104 1049 et
134 1015 315 1060 regimen:
356 1026 401 1049 ne
434 1014 546 1049 hostis
578 1015 742 1060 antiquus
776 1015 835 1060 qui
868 1015 1116 1050 excellentiora
1148 1016 1263 1050 studia
1296 1016 1535 1053 subtilioribus

66 1070 211 1105 infestat
225 1069 359 1104 insidiis
376 1069 420 1104 ad
439 1070 694 1105 obscurandam
712 1070 888 1117 perfectae
900 1070 1133 1106 continentiae
1144 1071 1297 1117 palmam
1309 1083 1371 1118 per
1381 1072 1535 1119 aliquam

67 1130 184 1172 serpat
215 1126 343 1161 mentis
376 1125 557 1170 incuriam,
592 1129 628 1161 et
659 1126 772 1171 rapiat
804 1125 847 1160 de
879 1126 1055 1172 proposito
1088 1127 1263 1172 virginum
1301 1128 1394 1173 quod
1427 1128 1533 1164 etiam

67 1184 225 1219 moribus
243 1184 344 1217 decet
359 1183 471 1217 inesse
488 1185 689 1227 nuptarum.
741 1180 794 1216 Sit
816 1180 854 1215 in
878 1181 939 1225 eis,
957 1182 1118 1224 Domine,
1136 1194 1198 1228 per
1223 1182 1354 1217 donum
1382 1183 1530 1229 Spiritus

66 1240 127 1285 tui,
145 1239 299 1286 prudens
316 1238 513 1283 modestia,1
531 1237 670 1282 sapiens
687 1236 895 1282 benignitas,
912 1237 1028 1282 gravis
1045 1237 1180 1282 lenitas,
1194 1242 1291 1272 casta
1304 1237 1456 1274 libertas.
1490 1240 1534 1274 In

67 1296 213 1331 caritate
230 1295 390 1330 ferveant
407 1298 443 1329 et
458 1294 545 1328 nihil
563 1297 663 1328 extra
690 1298 724 1328 te
750 1293 918 1338 diligant;
945 1293 1167 1328 laudabiliter
1183 1295 1315 1340 vivant,
1333 1295 1534 1342 laudarique

68 1366 140 1389 non
157 1356 336 1400 appetant.
387 1352 439 1387 Te
465 1351 502 1386 in
527 1350 712 1385 sanctitate
739 1350 904 1396 corporis,
924 1354 959 1385 te
976 1351 1012 1385 in
1038 1351 1145 1385 animi
1170 1351 1224 1385 sui
1241 1351 1390 1396 puritate
1406 1351 1535 1396 glorifi-

67 1413 158 1444 cent.
208 1409 339 1443 Amore
372 1411 408 1442 te
440 1407 599 1450 timeant,
633 1417 752 1440 amore
785 1405 850 1440 tibi
883 1405 1048 1440 serviant.
1097 1406 1154 1440 Tu
1186 1407 1235 1441 eis
1269 1407 1380 1441 honor
1412 1407 1468 1450 sis,
1495 1411 1535 1442 tu

67 1465 246 1510 gaudium,
264 1468 304 1498 tu
320 1462 494 1506 voluntas,
509 1467 549 1497 tu
566 1462 601 1496 in
618 1473 776 1496 maerore
795 1461 967 1506 solatium,
980 1465 1021 1496 tu
1037 1461 1073 1496 in
1091 1462 1322 1507 ambiguitate
1341 1462 1533 1507 consilium,

66 1525 106 1555 tu
122 1520 159 1554 in
175 1519 302 1565 injuria
327 1518 494 1562 defensio,
513 1517 549 1551 in
574 1517 799 1552 tribulatione
825 1517 1006 1563 patientia,
1025 1519 1063 1552 in
1087 1522 1294 1563 paupertate
1319 1518 1535 1553 abundantia

65 1578 102 1612 in
132 1575 264 1622 jejunio
298 1574 407 1618 cibus,
431 1574 468 1608 in
501 1574 704 1608 infirmitate
737 1573 921 1607 medicina.
969 1574 1012 1607 In
1045 1576 1080 1608 te
1105 1574 1260 1608 habeant
1285 1574 1401 1608 omnia
1429 1586 1534 1619 quem

66 1633 200 1678 elegere
234 1642 336 1676 super
369 1629 517 1665 omnia.2
578 1630 625 1664 Et
657 1628 752 1674 quod
784 1633 866 1663 sunt
898 1628 1074 1674 professae
1107 1629 1316 1673 custodiant,
1351 1630 1535 1665 scrutatori

65 1692 248 1734 pectorum
280 1698 352 1720 non
385 1696 527 1731 corpore
561 1684 751 1730 placiturae
787 1684 848 1719 sed
881 1688 1011 1719 mente.
1062 1684 1261 1719 Transeant
1286 1685 1322 1719 in
1347 1696 1532 1721 numerum

66 1744 275 1790 sapientium
305 1741 524 1788 puellarum3
562 1745 603 1775 ut
625 1740 813 1776 caelestem
842 1751 1009 1786 sponsum
1032 1739 1187 1774 accensis
1212 1739 1431 1784 lampadibus
1454 1752 1534 1775 cum

66 1800 143 1836 oleo
175 1797 448 1845 praeparationis
490 1800 689 1842 expectent,
724 1807 791 1830 nec
830 1796 991 1830 turbatae
1032 1794 1211 1840 improvisi
1249 1795 1341 1840 regis
1379 1795 1534 1831 adventu

65 1854 352 1902 praecedentium
364 1853 476 1888 ‘choro
489 1852 707 1899 jungantur;
736 1855 933 1896 occurrant,
951 1863 1016 1886 nec
1043 1850 1277 1886 excludantur
1300 1862 1379 1885 cum
1398 1852 1532 1896 stultis3

65 1910 217 1956 regalem
229 1908 376 1954 januam
393 1919 473 1942 cum
492 1907 708 1954 sapientibus
726 1907 920 1952 virginibus
943 1906 1089 1941 licenter
1106 1906 1282 1940 introeant
1297 1918 1304 1949 3
1335 1909 1371 1940 et
1386 1905 1423 1940 in
1440 1907 1534 1951 Agni

65 1967 117 2001 tui
135 1968 302 2012 perpetuo
321 1962 489 1999 comitatu
506 1962 702 2008 probabiles
720 1973 883 1996 mansura
899 1961 1059 1997 castitate
1078 1963 1316 2006 permaneant.

604 2163 642 2203 2.
678 2163 872 2203 Gallicum
912 2161 995 2202 Usa.

154 2270 240 2311 The
282 2268 480 2309 Gallican
520 2266 629 2306 form
669 2265 705 2305 is
747 2264 946 2305 obtained
988 2263 1043 2317 by
1084 2263 1156 2303 the
1198 2262 1463 2316 comparison
1493 2262 1540 2303 of

71 2340 192 2381 those
232 2342 345 2379 texts
383 2336 429 2378 of
466 2333 714 2375 undoubted
748 2333 913 2374 Roman
950 2331 1084 2385 origin
1120 2330 1225 2371 with
1260 2331 1333 2372 the
1368 2331 1536 2372 Missam

132 2492 139 2509 ¹
165 2490 271 2521 What
294 2489 434 2526 follows,
450 2497 487 2518 as
510 2487 563 2518 far
585 2496 622 2517 as
645 2486 761 2526 elegere
782 2495 879 2526 super
901 2485 1024 2522 omnia,
1039 2484 1069 2515 is
1085 2483 1238 2524 wanting
1260 2483 1297 2515 in
1320 2484 1380 2515 the
1400 2484 1536 2516 Missale

65 2542 278 2623 Flayelciiiga'iz
301 2590 431 2622 follows
462 2589 491 2620 is
522 2590 580 2619 not
612 2586 717 2618 found
748 2587 785 2617 in
815 2585 875 2617 the
906 2585 1070 2617 Gelasian
1101 2584 1361 2626 Sacramentary
1384 2586 1452 2617 and
1476 2586 1535 2618 the

66 2645 102 2676 M
105 2644 201 2676 issalc
217 2643 432 2674 Francorum.
