1747 3121
158 216 243 256 464
782 222 1011 252 APPENDIX.

157 328 311 365 dictum
348 331 421 367 est.
492 328 548 365 Et
584 328 618 364 si
657 327 814 365 diaconi
850 326 1015 363 minime
1051 325 1217 372 fuerint,
1253 326 1297 363 in
1334 327 1419 364 loco
1458 327 1633 377 ipsorum

156 388 347 439 procedat
366 389 566 439 presbiter
585 388 634 425 de
655 387 827 425 secrario
847 400 937 424 cum
957 391 1181 424 cereostata
1201 386 1252 424 ad
1267 386 1295 412 (ἰ)
1326 387 1633 425 custodiendum

157 454 291 492 sedem
328 454 530 504 pontificis
548 452 584 476 (fi)
631 456 673 489 et
701 453 796 490 licet
825 452 1077 501 evangelium
1106 452 1237 501 legere
1269 453 1314 489 in
1344 453 1514 490 ambone
1549 466 1634 503 pro-

161 517 317 554 cinctus
344 516 393 553 de
416 516 583 566 planita,
607 515 711 552 sicut
742 519 784 552 et
813 515 1018 560 diaconus,
1053 518 1095 552 et
1118 514 1363 552 descendens
1392 515 1442 552 de
1466 516 1634 552 ambone

161 578 296 615 induit
324 591 366 615 se
392 578 560 627 planita.
620 577 676 614 Et
699 576 797 615 dum
816 577 1005 614 venerint
1025 581 1122 614 ante
1141 577 1362 614 cancellum
1382 577 1540 614 diaconi
1562 581 1634 615 aut

156 642 380 693 presbiteri,
408 641 522 678 venit
550 641 755 690 episcopus
784 644 857 678 aut
886 640 1086 690 presbiter
1115 640 1164 677 de
1192 643 1309 689 parte
1338 640 1503 677 sinistra
1531 653 1634 689 pres-

157 707 294 744 biterii
325 706 393 756 qui
425 705 513 754 ipsa
546 705 611 742 die
648 705 769 742 missa
807 705 1108 742 caelebraturus
1143 710 1230 752 est3
1258 703 1330 741 dat
1368 704 1406 741 ei
1444 704 1634 742 diaconus

156 782 293 820 pacem
321 768 393 817 qui
421 768 674 817 evangelium
702 768 883 805 lecturus
903 771 964 805 est
993 768 1080 817 ipsa
1106 768 1207 805 diae.
1265 767 1320 804 Et
1359 767 1455 805 dum
1483 768 1634 806 finierit

162 831 267 869 scola
305 829 418 868 Kirie
456 829 607 875 eleison,
647 829 788 879 psallit
826 829 1032 879 episcopus
1069 830 1113 866 in
1154 832 1270 878 parte
1312 829 1454 867 dextra
1497 829 1635 867 throni

158 895 266 931 infra
298 892 476 930 cancello
506 897 548 930 et
576 892 675 929 dicit
708 890 847 929 Gloria
876 891 917 928 in
946 890 1102 928 excelsis
1132 890 1228 929 Deo,
1289 890 1345 927 Et
1374 891 1408 927 si
1436 891 1633 941 presbiter

157 957 277 994 missa
290 955 410 993 debet
423 955 659 999 caelebrare,
678 967 760 991 non
780 954 879 991 dicit
895 953 1031 991 Gloria
1043 953 1083 991 in
1099 953 1256 991 eoecelsis
1270 952 1363 999 Deo,
1384 953 1453 990 sed
1472 957 1634 992 tantum

157 1019 295 1070 psallit
327 1022 370 1055 et
408 1018 509 1056 dicit
547 1018 742 1055 oracione.
818 1016 915 1066 Ipsa
952 1017 1123 1066 expleta,
1165 1018 1387 1054 revertitur
1424 1017 1468 1053 in
1504 1017 1634 1054 locum

160 1095 287 1127 suum,
310 1094 435 1130 usque
465 1081 560 1118 dum
590 1080 742 1129 legitur
772 1080 1036 1129 evangelium.
1094 1079 1189 1128 Ipso
1218 1079 1388 1128 expleto,
1419 1079 1557 1129 psallit
1586 1084 1634 1117 ut

158 1157 288 1194 supra,
323 1148 364 1180 et
403 1143 503 1181 dicit
537 1142 724 1180 Dominus
757 1141 939 1179 vobiscum
953 1156 968 1188 ,-
999 1141 1143 1179 deinde
1179 1141 1346 1187 Oremus,
1379 1146 1421 1179 et
1451 1143 1634 1192 sequitur

158 1206 292 1243 omnia
312 1206 416 1242 sicut
437 1218 558 1254 supra
578 1205 773 1253 scriptum
793 1209 866 1242 est.
925 1204 982 1240 Et
1012 1204 1108 1241 dum
1128 1205 1285 1241 venerit
1304 1204 1355 1241 ad
1376 1205 1493 1242 omnis
1522 1204 1636 1242 honor

158 1274 192 1307 et
211 1268 345 1318 qloria,
368 1281 450 1306 non
468 1269 578 1305 levat
598 1267 788 1305 diaconus
808 1267 979 1313 calicem,
1003 1268 1109 1304 sicut
1128 1267 1179 1304 ad
1198 1268 1437 1317 pontificem,
1462 1267 1531 1304 sed
1550 1268 1635 1317 ipse

159 1333 365 1381 episcopus
398 1335 471 1368 aut
499 1331 698 1381 presbiter
736 1330 846 1367 levat
885 1329 985 1367 duas
1023 1329 1181 1367 oblatas
1215 1334 1256 1367 et
1287 1331 1423 1379 tangit
1456 1342 1506 1366 ex
1540 1331 1635 1379 ipsis

159 1395 321 1432 calicem
342 1398 384 1431 et
404 1394 503 1431 dicit
534 1393 616 1430 Per
648 1392 774 1430 omnia
805 1392 959 1429 saecula
990 1392 1238 1429 saeculorum.
1296 1392 1352 1429 Et
1373 1392 1466 1429 dum
1486 1392 1636 1430 dixerit

158 1456 252 1495 Pam
271 1456 429 1493 Domini
448 1456 496 1493 sit
515 1468 657 1505 semper
676 1454 868 1500 vobiscum,
892 1459 1008 1493 tenet
1028 1454 1297 1492 subdiaconus
1317 1454 1365 1491 de
1386 1458 1527 1491 sancta
1546 1468 1634 1492 cum

161 1519 364 1568 corporale
394 1518 445 1555 ad
479 1530 603 1555 cornu
637 1517 778 1554 altaris
808 1517 910 1567 quod
943 1517 1127 1567 pontifex
1162 1515 1474 1563 consecravit‚<ffi>
1505 1522 1546 1554 et
1575 1531 1636 1555 ac-

165 1581 264 1630 cipit
295 1593 382 1617 eam
414 1580 606 1617 diaconus
635 1584 677 1617 et
710 1578 840 1615 tradit
870 1592 957 1616 eam
977 1580 1159 1628 episcopo
1188 1584 1260 1616 aut
1285 1579 1518 1628 presbitero.
1578 1580 1634 1618 Et

160 1642 304 1680 exinde
323 1642 424 1679 facit
444 1655 600 1679 crucem
620 1654 738 1691 super
759 1641 933 1687 calicem,
955 1640 1122 1678 dicendo
1141 1640 1233 1678 Pam
1249 1641 1405 1678 Domini
1424 1641 1473 1678 sit
1492 1654 1637 1692 semper

160 1705 352 1743 vobiscum.
412 1705 469 1742 Et
495 1705 701 1742 osculatur
730 1704 870 1750 altare,
902 1708 944 1741 et
976 1703 1164 1741 diaconus
1194 1704 1265 1740 dat
1293 1717 1431 1753 pacem
1463 1704 1515 1741 ad
1546 1706 1636 1742 sub-

160 1767 382 1805 diaconum.
455 1766 614 1804 Deinde
651 1766 789 1803 veniet
827 1766 929 1803 alius
968 1767 1172 1815 episcopus
1211 1766 1260 1803 de
1296 1770 1412 1815 parte
1448 1766 1637 1814 sinistra;

160 1833 304 1867 tenent
333 1829 450 1866 ambo
478 1841 621 1865 manus
649 1840 769 1877 super
797 1828 934 1865 oblata
963 1833 1005 1865 et
1034 1827 1232 1877 frangunt
1263 1840 1322 1876 ea,
1352 1832 1394 1865 et
1430 1828 1637 1878 episcopus

161 1892 380 1929 revertitur
399 1891 450 1929 ad
479 1892 608 1928 locuni
629 1904 757 1930 suum.
816 1890 871 1927 Et
891 1891 1097 1940 episcopus
1117 1894 1190 1927 aut
1219 1890 1419 1939 presbiter
1444 1891 1513 1940 qui
1540 1891 1638 1928 fecit

161 1955 283 1991 missa
302 1953 430 1990 tradit
459 1966 541 1990 una
561 1958 603 1990 et
631 1952 763 1989 media
783 1952 920 1989 oblata
949 1953 1017 2001 qui
1043 1952 1198 2001 partita
1224 1956 1286 1988 est
1315 1952 1366 1989 acl
1395 1952 1570 1999 diacono,
1594 1958 1637 1990 et

161 2017 246 2066 ipse
273 2017 389 2066 ponit
416 2016 634 2053 medietate
663 2017 707 2052 in
734 2018 924 2064 patenam
953 2020 994 2052 et
1023 2015 1092 2064 qui
1120 2015 1279 2063 integra
1307 2019 1368 2051 est
1397 2015 1441 2051 in
1469 2016 1636 2063 sacculo,

161 2084 329 2117 tenente
341 2079 527 2118 acholito.
575 2078 632 2115 Et
646 2078 759 2115 Vadit
772 2077 823 2114 ad
837 2078 1188 2127 archipresbytero
1202 2077 1253 2113 ad
1273 2077 1612 2127 confrangendum
1627 2093 1638 2127 ς

166 2148 207 2180 et
227 2147 311 2180 stat
331 2143 538 2192 episcopus
558 2142 602 2178 in
621 2142 787 2178 sinistra
806 2144 923 2190 parte
943 2141 1083 2176 altaris
1104 2152 1227 2189 usque
1255 2139 1351 2177 dum
1379 2153 1577 2190 expensae
1593 2138 1634 2165 (iv)

165 2205 319 2242 fuerint
347 2205 506 2242 oblatae
533 2216 605 2254 per
625 2203 783 2240 saccula
803 2203 1079 2248 acholitorum,
1105 2203 1209 2239 sicut
1237 2215 1321 2239 mos
1349 2207 1421 2240 est.
1480 2203 1637 2241 Deinde

162 2268 381 2305 revertitur
401 2268 606 2316 episcopus
627 2270 722 2303 ante
752 2266 880 2303 altare
906 2270 947 2303 et
974 2265 1319 2315 conffirangendum
1345 2265 1563 2303 medietate
1589 2266 1638 2304 de

162 2329 299 2366 oblata
319 2329 388 2378 qui
416 2329 622 2365 remansit.
682 2327 737 2364 Et
766 2328 861 2365 dum
882 2328 1131 2365 confractum
1161 2327 1387 2373 habuerint,
1410 2328 1636 2366 adnunciat

764 2488 803 2532 (i)
831 2492 876 2523 et.

755 2544 803 2587 (ii)
831 2543 1046 2589 pontificem.

741 2599 805 2644 (iii)
833 2597 1058 2632 consecrabit.

744 2654 807 2697 (iv)
835 2664 1000 2698 expensa.
