1747 3121
509 188 594 218 THE
624 188 777 219 ROMAN
812 185 1018 218 ORDINES.
1414 174 1499 214 459

34 292 314 341 aevangelium
337 294 379 328 et
400 292 545 341 accipit
566 305 667 331 eum.
727 291 885 329 Deinde
907 292 1038 341 surgit
1062 292 1245 341 pontifex
1271 307 1295 329 a
1317 294 1409 331 sede
1432 307 1500 332 seu

37 353 127 403 [sua
138 353 300 403 2-TR,]
318 357 360 390 et
376 365 511 390 omnes
524 353 748 390 sacerdotes
764 357 929 393 stantes.
983 353 1038 390 Et
1053 354 1302 392 antecedunt
1317 368 1407 392 eum
1422 356 1501 393 duo

31 415 276 461 subdiaconi,
295 427 400 451 unus
430 414 575 452 dextra
599 419 724 464 parte,
753 416 855 453 alius
888 416 937 453 de
967 416 1144 462 sinistra,
1165 420 1207 453 et
1232 416 1311 454 duo
1338 417 1503 454 acolithi

30 481 238 527 portantes
266 480 361 513 ante
389 477 520 526 ipsum
548 477 629 514 dua
660 481 917 514 caereostata.
976 478 1031 514 Et
1060 478 1155 515 dum
1174 479 1331 515 venerit
1358 480 1502 516 subtus

32 539 212 585 ambone,
244 538 415 588 porrigit
452 539 489 575 ei
519 538 784 576 subdiaconus
815 540 886 589 qui
915 543 978 576 est
1015 539 1162 577 dextra
1190 544 1306 590 parte
1339 540 1503 579 brachio

31 602 197 640 sinistro
233 605 275 638 et
312 601 511 638 recumbit
547 614 666 650 super
703 614 793 639 eum
832 602 1021 639 diaconus
1061 603 1338 652 aevangelium
1375 616 1502 653 usque

32 664 129 702 dum
158 663 335 701 custodit
360 664 529 713 signum.
593 663 752 701 Deinde
778 665 916 714 psallit
941 665 985 701 in
1014 666 1193 712 ambone,
1215 670 1257 703 et
1289 670 1502 705 revertunt

33 731 254 765 cereostata
283 731 380 764 ante
410 727 619 763 ambonem
649 730 691 763 et
724 727 872 776 legitur
905 728 1192 777 aevangelium.
1250 728 1306 766 Et
1336 731 1503 780 suscipit

31 790 306 839 aevangelium
335 789 612 833 subdiaconus,
646 792 689 825 et
727 792 870 825 tenens
908 801 999 825 eum
1035 793 1177 826 contra
1214 794 1353 839 pectus
1384 805 1501 829 suum

30 853 175 890 subtus
213 852 394 896 ambone,
433 863 559 900 usque
608 850 702 887 dum
754 851 988 888 osculantur
1034 864 1168 889 omnes
1211 854 1498 902 aevangelium.

31 914 134 952 Inde
156 913 334 951 retrudit
353 925 444 949 eum
471 913 516 949 in
542 926 659 962 capsa
686 926 767 950 sua.
827 912 883 949 Et
904 914 1072 950 revertit
1093 914 1282 951 diaconus
1302 915 1353 952 ad
1374 917 1502 954 altare

31 980 73 1014 et
110 977 196 1025 ipsa
227 978 476 1013 cael-eostata
510 979 606 1012 ante
639 987 738 1020 eum,
775 979 816 1011 et
849 979 1006 1024 ponunt
1040 988 1086 1012 ea
1116 980 1226 1013 retro
1258 977 1398 1023 altare,
1433 990 1501 1015 seu

31 1043 73 1076 et
110 1038 267 1087 reliqua
312 1040 573 1074 caereostata.
648 1036 704 1073 Et
743 1037 776 1073 si
813 1037 938 1074 fuerit
981 1037 1147 1087 pallium
1195 1050 1313 1087 super
1361 1039 1499 1086 altare,

32 1101 202 1150 replicat
221 1112 311 1136 eum
336 1099 379 1136 in
409 1112 490 1136 una
515 1103 631 1148 parte
658 1098 710 1135 ad
738 1099 942 1145 orientem,
966 1103 1008 1136 et
1031 1100 1276 1148 expanditur
1300 1102 1502 1150 corporale

32 1175 150 1213 super
170 1163 298 1199 altare
318 1175 342 1198 a
362 1162 605 1200 diaconibus,

114 1225 271 1263 Deinde
308 1225 420 1261 lavat
458 1225 643 1274 pontifex
680 1237 822 1261 manus
861 1237 952 1261 suas
990 1229 1031 1261 et
1068 1225 1198 1274 surgit
1236 1239 1260 1261 a
1293 1226 1383 1263 sede
1417 1239 1499 1263 sua.

34 1288 90 1325 Et
136 1287 355 1324 revertitur
404 1287 509 1324 scola
545 1287 590 1323 in
625 1290 766 1336 partae
803 1286 969 1323 sinistra
1006 1287 1268 1336 praesbiterii.
1342 1288 1502 1325 Deinde

32 1349 241 1388 descendit
287 1349 471 1398 pontifex
515 1349 568 1386 ad
609 1349 905 1398 suscipiendum
944 1349 1165 1387 oblationes
1202 1363 1227 1386 a
1263 1351 1420 1399 populo,
1460 1355 1501 1388 et

32 1412 179 1449 annuit
215 1411 519 1449 archidiaconus
557 1411 686 1448 scolae
724 1415 770 1447 ut
808 1411 968 1448 dicatur
1001 1410 1257 1448 offertorium.
1317 1411 1372 1448 Et
1406 1412 1501 1449 dum

32 1474 200 1524 suscipit
247 1487 338 1513 aeas
384 1474 579 1523 pontifex,
628 1473 757 1510 tradit
802 1487 826 1510 a
870 1473 1112 1511 subdiacono
1156 1477 1198 1510 et
1235 1474 1502 1512 subdiaconus

31 1537 147 1587 ponit
193 1549 259 1573 eas
305 1537 349 1573 in
396 1536 563 1573 sindone
610 1549 707 1585 quos
753 1535 916 1572 acolithi
952 1540 1108 1582 tenent,
1149 1540 1360 1585 sequentes
1398 1549 1499 1576 eum.

33 1599 90 1636 Et
136 1598 293 1636 diaconi
339 1599 542 1648 recipiunt
588 1599 743 1635 amulas
787 1602 829 1635 et
871 1602 1059 1647 portatur
1098 1599 1361 1635 stationarius
1398 1599 1504 1636 calix

33 1674 58 1698 a
104 1661 349 1699 subdiacono
395 1661 631 1710 regionario,
680 1665 721 1698 et
768 1660 950 1698 refundit
996 1660 1187 1697 diaconus
1229 1661 1422 1698 ammulas
1459 1661 1504 1697 in

33 1724 119 1773 ipso
156 1724 277 1761 calice
314 1727 453 1760 sancto
466 1737 477 1771 3
531 1728 572 1760 et
616 1723 711 1760 dum
758 1724 934 1773 repletus
980 1722 1115 1768 fuerit,
1165 1723 1412 1759 devacuatur
1460 1724 1503 1760 in

34 1786 142 1824 sciffo
194 1799 292 1836 quas
342 1790 508 1835 portant
560 1785 764 1824 acholithi.
841 1785 1000 1822 Deinde
1050 1784 1164 1821 vadit
1215 1784 1399 1834 pontifex
1450 1785 1502 1822 ad

32 1853 188 1899 partem
261 1849 473 1886 mulierum
485 1847 514 1872 (ἰ)
586 1862 674 1885 cum
726 1848 959 1885 diaconibus
1014 1851 1056 1884 et
1102 1847 1259 1883 faciunt
1305 1847 1500 1884 similiter.

33 1911 191 1948 Deinde
233 1911 453 1948 revertitur
490 1910 541 1947 ad
580 1910 713 1947 sedem
751 1923 863 1947 suam
900 1913 942 1946 et
979 1912 1218 1958 permanent
1256 1908 1412 1945 diaconi
1450 1908 1501 1945 ad

32 1973 186 2010 amulas
219 1972 480 2022 recipiendas.
539 1972 595 2009 Et
627 1973 791 2009 interim
826 1976 939 2009 stant
973 1976 1069 2008 ante
1103 1970 1333 2020 pontificem
1371 1970 1504 2020 primi-

33 2038 198 2083 caerius,
239 2036 567 2083 secundicaerios‚
607 2037 757 2073 notarii
794 2040 836 2074 et
874 2036 1102 2085 regionarii,
1150 2035 1246 2072 dum
1291 2035 1504 2084 presbiteri

35 2100 232 2149 recipiant
271 2099 495 2136 oblaciones
533 2111 602 2136 seu
639 2102 681 2136 et
718 2099 872 2135 amulas
915 2098 1023 2135 infra
1068 2098 1371 2147 presbyterium,
1419 2101 1503 2133 tam

34 2161 83 2198 de
120 2165 237 2210 parte
273 2161 451 2197 virorum
489 2173 608 2209 quam
647 2160 695 2197 de
732 2161 969 2197 muliaerum
983 2173 994 2208 3
1036 2163 1078 2196 et
1111 2158 1275 2196 acolithi
1312 2162 1499 2196 tenentes

35 2223 221 2260 sindones
241 2227 283 2260 et
302 2222 431 2259 sciffos
451 2222 501 2258 ad
522 2223 846 2271 recolligendum.

117 2285 275 2322 Deinde
314 2285 427 2321 lavat
473 2284 777 2321 archidiaconus
824 2296 966 2320 manus
1013 2296 1114 2329 suas,
1163 2286 1206 2319 et
1250 2282 1363 2319 vadit
1409 2286 1504 2319 ante

36 2348 176 2395 altare,
208 2352 250 2385 et
279 2348 402 2384 ceteri
431 2347 587 2384 diaconi
616 2347 755 2383 lavant
784 2360 926 2383 manus
955 2359 1058 2392 suas,
1089 2350 1130 2382 et
1162 2349 1307 2382 tenent
1340 2345 1503 2382 acolithi

37 2410 204 2447 sindone
233 2422 322 2446 cum
351 2409 508 2446 oblatas
537 2421 635 2457 quas
664 2409 815 2458 recepit
844 2407 1027 2458 pontifex
1056 2421 1080 2443 a
1107 2407 1252 2456 populo
1285 2407 1328 2442 in
1361 2406 1505 2445 dextro

35 2486 157 2510 cornu
205 2472 346 2509 altaris
359 2485 372 2519 ζ,
422 2476 464 2508 et
506 2471 714 2520 eliguntur
751 2483 817 2507 eas
855 2483 880 2507 a
917 2469 1161 2507 subdiacono
1197 2469 1423 2518 temperita,
1463 2474 1504 2506 et

647 2630 686 2675 (i)
712 2630 876 2664 mulieris.
