1747 3121
159 200 243 241 466
782 204 1013 234 APPENDIX.

164 315 410 352 vestimentis
430 315 512 352 suis
531 319 616 351 tam
646 314 831 364 pontifex
859 326 977 363 quam
1003 317 1046 350 et
1066 313 1224 351 diaconi
1235 312 1263 337 (¹)
1294 327 1384 351 cum
1407 314 1638 352 dalmaticis

158 384 200 415 et
218 378 452 415 subdiaconi
473 390 556 414 non
577 377 755 414 induunt
782 376 970 425 planitas.
1030 375 1190 413 Deinde
1214 377 1420 425 egreditur
1453 378 1638 428 pontifex

157 442 207 479 de
225 442 399 479 sacrario
418 453 507 478 cum
527 440 760 477 diaconibus
777 443 818 476 et
837 438 940 476 VII.
954 445 1182 476 cereostata
1201 443 1300 477 ante
1320 453 1422 488 eum,
1444 446 1485 479 et
1505 446 1639 480 cetera

157 504 260 541 sicut
294 516 379 540 mos
412 506 473 540 est
506 503 549 539 in
583 501 647 539 die
677 502 899 551 sollempni.
970 501 1088 538 Dum
1118 502 1328 539 transierit
1360 515 1431 552 per
1464 504 1639 542 medium

157 567 297 614 scolae,
328 566 476 603 annuit
501 565 674 614 primum
706 566 835 603 scolae
865 568 913 602 ut
943 564 1105 602 dicatur
1135 564 1281 602 Gloria.
1338 564 1395 602 Et
1423 570 1639 617 antequam

157 630 349 668 ascendat
367 629 418 666 ad
438 630 578 675 altare,
603 629 675 666 dat
703 643 850 679 pacem
871 630 996 679 priori
1016 629 1197 679 episcopo
1216 633 1256 666 et
1275 630 1400 679 priori
1417 632 1641 680 presbitero

157 708 226 732 seu
246 698 288 732 et
306 693 541 731 diaconibus
562 693 759 731 omnibus,
821 692 877 730 Et
906 693 1072 729 veniens
1098 696 1195 729 ante
1215 692 1344 730 altare
1372 697 1414 730 et
1440 694 1639 731 reclinans

157 771 199 795 se
218 757 269 794 ad
288 757 511 794 oracionem
530 760 758 805 prostratus
780 755 825 792 in
848 760 1011 802 terram,
1019 767 1154 805 ‘usque
1177 755 1272 792 dum
1292 755 1391 793 dicit
1410 769 1569 794 versum
1588 756 1640 794 ad

157 818 430 869 repetendum.
489 816 649 854 Deinde
683 817 822 867 psallit
851 817 904 854 ad
934 816 1080 856 sedem.
1138 817 1194 854 Et
1223 817 1320 854 dum
1347 818 1498 855 finierit
1526 818 1639 856 Kirie

158 881 296 919 eleison
323 880 438 927 scola,
462 880 561 917 dicit
595 879 782 916 Dominus
811 879 996 916 vobiscum
1025 883 1067 916 et
1097 880 1277 928 sequitur
1305 881 1437 918 oracio
1470 880 1577 918 Deus
1614 894 1640 918 a

157 957 228 995 quo
260 948 296 981 et
328 943 455 982 Judas
470 957 485 990 ;
527 942 672 980 deinde
711 943 833 980 leccio
856 942 1048 992 Apostoli
1087 946 1128 979 et
1159 944 1463 992 responsorium,
1497 943 1641 981 deinde

158 1006 420 1056 evangelium.
494 1005 699 1042 Offerente
736 1005 882 1055 populo
916 1004 1016 1041 dicit
1049 1005 1156 1042 scola
1186 1005 1434 1043 offertorium
1466 1005 1641 1044 Deoetera

162 1068 330 1107 Domini.

243 1128 352 1167 Dum
383 1129 539 1166 venerit
563 1128 614 1165 ad
640 1129 773 1174 finem,
804 1128 848 1165 in
880 1129 1013 1165 verbis
1050 1129 1094 1165 in
1123 1129 1269 1178 quibus
1300 1131 1476 1179 coeperit
1506 1129 1638 1168 dicere

158 1194 262 1231 intra
295 1205 449 1243 quorum
486 1204 551 1228 nos
585 1190 806 1228 consortium
837 1204 910 1227 non
943 1190 1163 1227 aestimator
1186 1190 1364 1237 meriti,<³i>
1392 1192 1459 1229 sed
1495 1193 1638 1240 veniae,

159 1268 394 1306 quae-summ,
417 1254 561 1292 ‘meritis
582 1253 743 1303 larqitor
763 1253 931 1300 admitte,
947 1267 1021 1304 per
1045 1252 1237 1291 Christum
1256 1254 1445 1292 dominum
1464 1260 1638 1302 nostrum,

158 1321 258 1354 tunc
277 1316 436 1354 vadunt
455 1315 612 1352 diaconi
638 1319 680 1352 et
708 1315 855 1352 tollent
884 1315 1083 1365 ampullas
1105 1328 1194 1352 cum
1214 1315 1300 1353 oleo
1329 1328 1405 1365 que
1433 1321 1642 1366 ponuntur

160 1393 184 1417 a
205 1379 374 1417 diversis
402 1378 447 1414 in
473 1377 593 1427 podia
612 1381 653 1414 et
682 1381 825 1414 tenent
853 1390 920 1414 eas
940 1390 1059 1426 super
1080 1377 1211 1414 altare
1230 1381 1271 1414 et
1300 1377 1597 1416 benedicuntur
1618 1393 1642 1416 a

159 1442 347 1492 pontifice
360 1455 371 1489 3
410 1441 570 1478 residue
601 1454 696 1478 vero
728 1453 831 1491 quae
860 1444 1072 1478 remanent
1104 1453 1222 1490 super
1253 1441 1461 1488 cancellos,
1497 1441 1643 1479 dextra

162 1505 329 1554 levaque
347 1504 467 1552 juxta
483 1503 613 1540 altare
633 1503 857 1540 ascendunt
878 1503 1052 1552 episcopi
1071 1508 1112 1540 et
1140 1504 1293 1552 priores
1321 1504 1560 1552 presbiteri:
1590 1505 1642 1541 ab

161 1568 218 1604 eis
250 1566 561 1603 benedicuntur.
620 1565 710 1610 Qua
747 1565 1026 1603 benedictione
1063 1565 1140 1602 olei
1178 1566 1388 1615 completa,
1426 1566 1642 1616 subjungit

161 1628 345 1679 pontifex
365 1632 406 1665 et
422 1627 521 1664 dicit
541 1644 549 1667 :
579 1627 660 1665 Per
679 1641 786 1678 quem
805 1627 870 1665 hec
883 1627 1020 1674 omnia,
1043 1627 1215 1674 Domine,
1236 1641 1380 1678 semper
1400 1627 1495 1665 bona
1515 1641 1638 1675 creas,

161 1698 203 1728 et
230 1694 472 1728 revocantur
492 1690 694 1739 ampullae
714 1704 738 1727 a
765 1689 1001 1727 diaconibus
1029 1702 1100 1739 per
1127 1689 1213 1727 loca
1243 1703 1327 1726 sua.
1388 1688 1477 1726 Hec
1504 1694 1642 1727 autem

161 1752 389 1790 benedictio
418 1752 567 1789 dicitur
591 1765 710 1802 super
736 1752 865 1789 oleum
891 1755 1054 1797 secreto,
1077 1756 1163 1788 tam
1190 1765 1214 1788 a
1243 1751 1432 1800 pontifice
1444 1750 1490 1776 (ὦ)
1524 1765 1642 1802 quam

161 1820 203 1853 et
241 1815 292 1851 ab
331 1814 523 1864 episcopis
560 1814 624 1851 vel
672 1828 696 1850 a
734 1814 991 1863 presbiteris:
1039 1813 1193 1860 Emitte,
1243 1813 1417 1861 Domine,
1456 1812 1643 1865 Spiritum

161 1884 329 1916 sanctum
363 1883 466 1914 taum
495 1876 748 1923 Paraelitum‚
771 1881 813 1914 et
831 1877 844 1898 1
879 1877 1060 1914 oratione
1089 1876 1286 1926 completa
1306 1876 1405 1913 dicit
1435 1876 1642 1926 pontifex:

161 1941 243 1979 Per
271 1954 378 1992 quem
407 1940 472 1977 keo
501 1940 637 1985 omnia,
670 1939 850 1985 Domine,
872 1943 913 1976 et
947 1942 1090 1985 cetera,
1124 1938 1269 1975 deinde
1307 1939 1490 1976 oratione
1524 1939 1644 1976 domi-

162 2004 265 2050 nica,
295 2007 337 2040 et
366 2002 547 2052 sequitur
576 2001 720 2038 Libera
750 2014 825 2046 nos,
852 2014 1087 2051 quaesit-mus,
1121 2000 1295 2048 Domine,
1325 2004 1367 2036 et
1396 1999 1519 2037 dicit:
1548 1999 1644 2037 Pax

164 2063 322 2102 Domini
346 2063 396 2101 sit
415 2076 559 2113 semper
582 2062 773 2100 vobiscum.
834 2062 889 2099 Et
908 2062 1022 2099 vadit
1049 2062 1100 2099 ad.
1129 2061 1261 2098 sedem
1292 2065 1334 2097 et
1358 2060 1639 2111 confrangunt,

757 2244 796 2289 (i)
847 2244 1027 2280 diaconus.

756 2300 806 2344 (ii)
847 2300 988 2335 meritis.

757 2356 822 2400 (iii)
848 2355 1084 2401 pontificibus.

231 2531 243 2553 ¹
266 2533 429 2565 Between
452 2536 483 2565 et
512 2533 581 2565 and
602 2534 751 2565 oratione
774 2532 834 2564 the
857 2532 1069 2573 manuscript
1091 2532 1215 2563 inserts
1241 2531 1302 2563 the
1325 2531 1433 2563 words
1455 2533 1526 2574 ipse
1548 2543 1645 2565 summ

165 2586 271 2617 oleum
297 2585 344 2616 ad
373 2585 585 2626 ‘linquendum
615 2585 797 2623 infirmum,
820 2584 935 2616 which
961 2593 1018 2615 are
1048 2594 1069 2614 a
1099 2583 1270 2623 marginal
1295 2583 1467 2614 reference
1490 2584 1644 2624 wrongly

164 2634 318 2666 inserted
333 2635 369 2665 in
397 2635 457 2666 the
483 2637 569 2667 text.
615 2634 692 2677 Ipse
721 2646 817 2667 suum
832 2635 872 2673 is,
896 2644 1079 2673 moreover,
1095 2644 1116 2665 a
1137 2634 1291 2674 wrongly
1307 2633 1513 2674 deciphered
1529 2634 1644 2666 abbre-

167 2687 307 2720 viation.
353 2685 416 2717 We
431 2686 540 2727 ought
555 2689 591 2718 to
606 2686 687 2718 read
703 2687 760 2718 ubi
775 2697 890 2728 supra,
905 2686 963 2717 sub
977 2686 1067 2717 verbo
1083 2686 1197 2719 oleum.
1213 2687 1274 2717 etc.
