1747 3121
593 191 791 223 CANONES
822 194 1060 228 HIPPOLYTL
1483 188 1566 230 529

105 296 167 334 58.
198 296 343 335 Postea
370 298 414 334 in
432 297 662 335 societatem
691 298 909 348 recipiatur
935 302 977 336 et
1003 299 1151 349 duplici
1181 299 1330 338 honore
1359 301 1563 350 afficiatur,

102 371 230 408 neque
248 359 394 397 iterum
414 360 634 398 ordinetur.

184 420 246 458 59.
278 421 425 458 Viduis
456 426 620 471 propter
650 423 824 472 copiosas
853 424 1065 469 orationes,
1095 424 1342 462 infirmorum
1371 438 1505 463 curam
1526 431 1566 463 et

100 482 286 532 frequens
301 481 499 532 jejunium
518 484 753 533 praecipuus
774 484 917 534 (honor
936 485 1171 538 tribuatur).

183 543 245 582 60.
276 543 348 580 Illi·
390 544 459 593 qui
505 545 710 581 ecclesiam
756 545 1017 595 frequentant
1064 559 1109 584 eo
1155 547 1319 585 consilio
1365 552 1412 585 ut
1458 548 1565 586 inter

99 603 339 642 christianos
376 605 633 654 recipiantur,
674 608 956 644 examinentur
994 609 1102 645 omni
1140 621 1228 646 cum
1265 610 1564 658 perseverantia

98 670 140 702 et
172 679 290 715 quam
323 666 373 704 ob
403 679 563 704 causam
600 680 717 704 suum
754 669 907 705 cultum
945 673 1148 718 respuant,
1179 682 1230 707 ne
1266 670 1371 708 forte
1408 671 1564 708 intrent

97 728 293 765 illudendi
312 729 565 766 causa—61.
597 729 711 774 Quod
731 730 765 766 si
783 742 878 767 vero
897 730 1041 780 aliquis
1060 731 1104 768 in
1122 731 1200 769 fide
1218 744 1314 768 vera
1342 732 1563 780 advenerit,

96 790 313 840 recipiatur
342 804 432 828 cum
460 791 606 840 gaudio
634 792 985 843 interrogetur-que
1005 793 1054 830 de
1072 794 1238 842 opificio,
1259 795 1564 844 instruaturque

94 865 165 902 per
184 853 395 890 diaconum
416 853 624 902 discatque
643 854 687 890 in
706 855 870 891 ecclesia
888 856 1122 892 renuntiare
1142 855 1317 893 Satanae
1337 861 1378 893 et
1397 869 1563 906 pompae

94 917 181 968 ejus
199 918 413 957 toti—62.
445 917 536 956 Hoc
555 922 691 956 autem
710 919 945 957 observetur
965 921 1074 957 omni
1101 925 1279 970 tempore
1299 935 1376 971 quo
1395 922 1560 959 instrui-

93 985 175 1027 tur,
206 985 422 1031 antequam
459 985 592 1018 cetero
626 982 771 1031 populo
808 981 1226 1021 adnumeratum—63.
1259 984 1302 1021 Si
1331 988 1393 1021 est
1422 997 1559 1022 servus

92 1043 180 1081 heri
209 1043 457 1089 idololatrae,
477 1044 607 1081 invito
637 1044 733 1081 hero
763 1057 813 1081 ne
843 1045 1072 1094 baptizetur
1086 1058 1097 1092 3
1126 1049 1338 1083 contentus
1368 1047 1422 1083 sit
1454 1047 1558 1096 quod

92 1105 333 1142 christianus
352 1105 545 1144 esu—64.
574 1105 725 1150 Quodsi
744 1107 916 1144 moritur
935 1107 1103 1144 necdum
1120 1108 1171 1144 ad
1186 1108 1331 1145 donum
1348 1107 1555 1154 admissus,

41 1174 45 1176 ’
91 1181 115 1204 a
149 1171 280 1205 cetero
316 1180 435 1217 grege
467 1180 518 1205 ne
551 1169 890 1217 separaum—65.
921 1169 1061 1206 Omnis
1099 1170 1249 1207 artifex
1286 1171 1444 1208 noverit
1481 1171 1558 1208 sibi

90 1229 200 1266 nullo
236 1228 353 1266 modo
389 1229 507 1266 licere
545 1228 695 1266 idolum
732 1230 796 1266 vel
832 1230 1006 1279 aliquam
1053 1231 1221 1280 figuram
1268 1231 1558 1269 idololatricam

89 1291 285 1340 effingere,
315 1291 399 1327 sive
435 1290 490 1327 sit
523 1290 737 1337 aurifaber,
768 1292 851 1329 sive
889 1293 1154 1341 argentarius,
1185 1293 1268 1329 sive
1304 1293 1445 1341 pictor,
1475 1294 1559 1331 sive

89 1353 191 1390 alius
220 1353 375 1402 generis
396 1352 679 1390 artifex—66.
712 1353 754 1390 Si
773 1355 862 1404 quis
882 1358 1016 1391 autem
1037 1354 1186 1392 artifex
1204 1359 1294 1404 post
1314 1355 1557 1404 baptismum

89 1419 292 1465 receptum
328 1414 562 1451 inveniatur
595 1415 665 1464 qui
698 1415 892 1466 ejusmodi
928 1429 1011 1453 rem
1044 1417 1269 1462 confecerit,
1303 1418 1477 1466 exceptis
1507 1417 1556 1454 iis

88 1477 205 1514 rebus
225 1490 328 1527 quae
348 1476 399 1514 ad
419 1489 534 1513 usum
563 1476 771 1514 hominum
800 1478 1017 1527 pertinent,
1040 1478 1403 1516 excommunicetur
1430 1479 1556 1516 donec

87 1539 379 1589 poenitentiam
398 1539 627 1588 agat.—67.
662 1539 913 1590 Quicumque
932 1540 979 1576 fit
1001 1540 1187 1589 θεατρικός
1207 1540 1269 1577 vel
1296 1541 1494 1589 gladiator
1514 1546 1554 1578 et

87 1602 158 1652 qui
177 1603 303 1640 currit
323 1601 387 1638 vel
407 1601 523 1638 docet
542 1602 775 1651 voluptates
795 1603 859 1638 vel
874 1603 887 1625 1
1014 1602 1079 1638 vel
1095 1603 1109 1625 1
1236 1603 1299 1639 vel
1319 1603 1471 1654 κυνηγός
1490 1604 1554 1641 vel

86 1663 314 1714 ἱππόδρομος
335 1663 391 1714 (2),
413 1664 478 1700 vel
499 1663 569 1714 qui
589 1676 679 1700 cum
697 1664 837 1700 bestiis
862 1667 1017 1713 pugnat
1042 1663 1108 1700 vel
1134 1663 1331 1701 idolorum
1360 1665 1551 1712 sacerdos,

84 1724 128 1762 hi
147 1738 282 1763 omnes
308 1738 390 1763 non
414 1725 691 1763 admittuntur
711 1725 761 1762 ad
782 1739 981 1763 sermones
1010 1738 1142 1763 sacros
1170 1726 1248 1763 nisi
1274 1726 1385 1775 prius
1404 1727 1455 1764 ab
1474 1727 1554 1764 illis

84 1787 301 1824 immundis
320 1787 504 1836 operibus
523 1788 879 1836 purgentur.—68.
911 1787 1008 1826 Post
1028 1787 1299 1837 quadraginta
1317 1787 1402 1824 dies
1432 1789 1554 1837 parti-

84 1850 188 1899 cipes
217 1850 321 1886 fiunt
350 1850 542 1887 sermonis
556 1863 567 1897 3
596 1851 629 1886 si
649 1850 762 1899 digni
790 1854 898 1896 sunt,
920 1851 1042 1887 etiam
1062 1850 1112 1886 ad
1141 1850 1383 1899 baptismum
1411 1850 1553 1887 admit-

82 1916 237 1949 tantur.
308 1912 460 1949 Doctor
508 1916 643 1949 autem
690 1912 891 1950 Ecclesiae
928 1912 977 1949 de
1013 1912 1076 1949 his
1112 1912 1231 1949 rebus
1269 1911 1549 1950 referat—69.

83 1974 355 2025 Γραμματικός,
378 1975 449 2023 qui
467 1987 610 2024 parvos
629 1988 772 2025 pueros
800 1976 976 2021 instruit,
1000 1976 1034 2012 si
1052 1975 1171 2012 aliam
1192 1978 1319 2011 artem
1338 1986 1419 2011 non
1437 1974 1551 2012 novit

82 2050 164 2087 qua
182 2037 334 2073 victum
354 2041 534 2086 quaerat,
557 2039 762 2087 vituperet
788 2038 1110 2087 quandocunque
1129 2037 1171 2073 in
1190 2037 1239 2073 iis
1258 2048 1356 2086 quos
1385 2036 1552 2073 instruit

82 2098 236 2148 aliquid
272 2102 453 2148 apparet,
485 2103 527 2136 et
560 2100 711 2137 sincere
749 2100 989 2137 confiteatur
1022 2111 1086 2137 eos
1118 2098 1188 2147 qui
1218 2111 1242 2134 a
1274 2097 1461 2146 gentibus
1494 2097 1550 2134 dii

81 2164 277 2198 Vocantur
314 2161 525 2198 daemones
559 2174 655 2206 esse,
692 2161 878 2212 dicatque
912 2174 1043 2199 coram
1073 2160 1153 2197 illis
1184 2159 1388 2210 quotidie:
1418 2159 1550 2197 “Non

81 2226 143 2260 est
163 2222 273 2259 Deus
292 2222 371 2258 nisi
391 2222 514 2259 Pater
533 2226 575 2259 et
595 2222 722 2274 Filius
741 2227 782 2259 et
803 2222 975 2271 Spiritus
1001 2221 1317 2260 sanctus.’⁷—70.
1350 2220 1393 2257 Si
1414 2225 1548 2258 autem

81 2284 293 2334 discipulos
312 2296 447 2321 omnes
466 2284 605 2321 docere
630 2288 763 2333 potest
782 2297 970 2333 magnam
995 2288 1152 2333 partem
1174 2313 1183 2322 .
1204 2312 1212 2320 .
1235 2311 1256 2329 .,
1279 2283 1343 2319 vel
1363 2283 1396 2318 si
1415 2286 1549 2331 potest

79 2347 250 2384 ulterius
278 2358 509 2395 progressus
530 2346 669 2383 docere
695 2359 761 2383 eos
786 2347 905 2383 fidem
929 2358 1077 2392 veram,
1098 2345 1172 2382 hoc
1200 2345 1261 2381 illi
1287 2345 1364 2381 erit
1389 2345 1545 2382 merito.

81 2407 143 2446 71.
175 2407 306 2445 Homo
325 2408 394 2457 qui
413 2407 566 2457 accepit
595 2411 837 2457 potestatem
865 2407 1072 2445 occidendi
1097 2407 1161 2444 vel
1190 2406 1303 2443 miles
1328 2419 1547 2456 numquam

80 2470 295 2520 recipiatur
322 2468 617 2509 omnino—72.
649 2469 727 2514 Qui
747 2482 851 2515 vero,
875 2482 964 2506 cum
990 2472 1124 2506 essent
1152 2468 1313 2515 milites,
1331 2466 1432 2517 jussi
1451 2473 1546 2506 sunt

641 2627 652 2648 ¹
677 2627 795 2661 Words
812 2627 975 2669 illegible.
