1747 3121
514 208 599 238 THE
630 208 783 238 ROMAN
818 205 1030 237 ORDINES.
1418 195 1499 239 473

31 311 263 350 ebasileusen
291 311 528 363 eupreprian,
561 316 602 348 et
636 312 819 361 sequitur
852 310 1022 348 Alleluia
1054 325 1078 348 a
1106 312 1360 359 cantoribus5
1398 313 1495 349 item

30 386 167 410 versus
189 372 238 411 O'e
262 386 333 422 yar
356 378 562 410 estereosen
593 372 646 410 tin
672 373 868 411 ioummeni
892 373 987 420 55331
1016 378 1057 411 et
1083 374 1223 411 finitur
1253 374 1392 411 ordine
1420 387 1497 424 quo

30 449 162 484 supra.
220 435 317 472 Post
344 435 448 472 hano
482 435 662 484 sequitur
691 435 882 472 diaeonus
906 436 1103 473 secundus
1118 435 1146 460 (ί)
1176 437 1220 473 in
1245 437 1496 486 evangelium

30 498 292 548 antiphonam
338 498 466 537 Venite
499 503 534 535 et
570 498 688 535 videte
727 497 844 535 locum
856 512 870 544 ,·
911 498 1056 535 deinde
1094 499 1274 548 sequitur
1312 500 1441 536 oratio
1475 513 1498 536 a

28 561 260 612 presbitero.

110 623 166 660 Et
193 627 291 660 tune
310 623 467 660 vadunt
495 623 545 660 ad
575 626 758 659 sanctum
785 623 995 660 Andream
1023 623 1075 660 ad
1105 621 1284 670 Crucem,
1306 627 1495 661 canentes

29 684 292 734 antiphonam
335 684 427 722 Vidi
471 697 610 734 aquam
656 683 904 732 eyrecliemem
943 685 989 721 cle
1030 684 1174 734 templa
1247 685 1345 723 Post
1392 686 1496 723 hanc

30 747 178 785 dicitur
198 745 372 782 Alleluia
400 758 490 782 cum
518 745 669 794 psalmo
699 744 865 783 CXIII.
924 745 1011 790 Quo
1040 746 1168 792 finito,
1188 750 1341 796 primus
1370 748 1498 785 scolae

30 809 172 857 incipit
209 807 391 853 Alleluia,
429 807 561 844 Venite
599 806 803 844 ewultemus
832 807 1004 854 Domino,
1036 821 1174 846 versus
1202 808 1498 859 Preoeeupemus

22 870 169 920 faeiem
188 871 279 920 ejus.
336 868 434 906 Post
462 869 565 905 hane
596 868 693 905 dicit
723 868 912 906 diaconus
940 869 985 906 in
1004 871 1209 919 evangelio
1237 871 1499 920 antiphonam

34 934 116 973 Cito
163 939 289 972 euntes
336 933 448 970 dieite
495 932 691 983 discipulis
738 935 846 983 ejus5
893 933 1036 971 deinde
1082 935 1262 984 sequitur
1306 936 1437 973 oratio
1474 949 1498 973 a

30 998 263 1048 presbitero.

111 1058 269 1097 Deinde
296 1057 545 1095 descendunt
572 1057 769 1106 primatus
798 1058 985 1095 ecelesiae
1005 1058 1056 1095 ad
1081 1059 1276 1105 accubita,
1296 1059 1498 1096 invitante

31 1122 188 1160 notario
206 1120 454 1165 vicedomini,
477 1123 518 1156 et
538 1120 650 1156 bibet
669 1123 744 1163 ter,
765 1119 814 1156 de
833 1132 950 1168 greco
979 1133 1071 1165 una,
1094 1120 1144 1157 de
1163 1121 1306 1169 paetisi
1335 1134 1424 1168 una,
1448 1122 1498 1159 de

31 1196 260 1234 prooumma
278 1180 401 1234 [una]
448 1181 666 1231 Postquam
684 1182 874 1227 biberint,
893 1195 1027 1219 omnes
1047 1183 1261 1231 presbiteri
1276 1187 1316 1220 et
1331 1183 1497 1221 aeholiti

31 1259 101 1296 per
120 1245 295 1294 singulos
322 1243 465 1281 titulos
493 1243 666 1280 redeunt
685 1242 737 1280 ad
755 1243 958 1280 faciendas
981 1257 1177 1293 vesperas,
1199 1249 1240 1282 et
1265 1245 1322 1282 ibi
1348 1246 1497 1282 bibunt

32 1309 81 1346 de
101 1308 196 1345 dato
215 1307 448 1356 presbitero.

114 1369 203 1406 Hee
218 1370 323 1406 ratio
341 1380 411 1417 per
427 1371 554 1404 totam
574 1366 833 1404 ebdomadam
850 1368 1077 1405 servabitur
1098 1382 1220 1418 usque
1239 1370 1282 1405 in
1298 1369 1495 1408 dominica

32 1435 169 1473 Albas.

722 1732 798 1770 VI.

1397 1768 1414 1787 «1

112 1892 281 1937 Quando
300 1891 451 1928 letania
470 1892 596 1940 major
619 1891 738 1928 debet
764 1892 860 1937 fieri,
883 1889 1101 1928 adnuntiat
1127 1903 1213 1927 eam
1242 1890 1431 1928 diaconus
1454 1892 1497 1928 in

33 1955 208 1991 statione
247 1952 442 1990 catholica
480 1957 521 1989 et
559 1953 679 1990 dicit:
723 1957 746 1974 “
759 1953 876 1990 Feria
913 1952 995 1989 tale
1027 1953 1226 1997 veniente,
1259 1952 1424 1988 collecta
1455 1952 1500 1988 in

33 2016 198 2053 basilica
217 2015 327 2052 beati
345 2015 462 2060 illius,
482 2016 604 2052 statio
625 2016 668 2052 in
682 2015 847 2052 basilica
867 2015 997 2051 saneti
1015 2013 1160 2051 illius.''
1208 2013 1264 2050 Et
1283 2012 1498 2063 respondet

32 2079 159 2115 omnis
185 2077 338 2114 clerus:
365 2076 487 2113 “Deo
506 2077 692 2126 gratias.²'
749 2077 825 2113 Die
838 2075 875 2099 (ὓ)
906 2076 1103 2121 nuntiata,
1127 2075 1278 2124 colligit
1300 2089 1341 2112 se
1371 2076 1499 2112 omnis

33 2139 161 2175 clerus
181 2139 244 2175 vel
264 2138 391 2175 omnis
409 2138 578 2186 populus
598 2139 641 2174 in
660 2138 823 2175 ecelesia
843 2137 1157 2186 suprajamdieta
1173 2151 1183 2184 3
1212 2142 1253 2173 et
1272 2138 1500 2186 ingreditur

32 2201 212 2251 pontifex
232 2201 276 2237 in
296 2200 480 2245 sacrario,
504 2212 573 2236 seu
593 2204 634 2237 et
654 2200 821 2247 diaconi,
839 2205 881 2237 et
898 2200 1076 2236 induunt
1096 2212 1136 2235 se
1156 2199 1332 2247 planitas
1351 2200 1493 2237 fuscas

616 2374 654 2416 (i)
682 2373 886 2408 seeundum.

603 2428 653 2472 (ii)
681 2428 826 2463 Deinde.

97 2593 105 2611 ¹
131 2592 242 2624 These
265 2603 321 2624 are
345 2592 404 2624 the
427 2592 500 2624 first
523 2591 629 2624 words
646 2592 682 2623 of
697 2602 808 2624 verses
827 2594 841 2622 1
866 2592 934 2623 and
955 2594 973 2623 2
1009 2594 1045 2625 of
1067 2594 1181 2628 Psalm
1207 2597 1266 2627 93:
1291 2598 1358 2629 “‘0
1385 2600 1491 2640 Κύριος

41 2650 262 2688 ’Βασίλευσεν,
274 2653 468 2693 εὐπρέπειαν.
493 2674 501 2682 .
525 2673 534 2683 .
559 2673 566 2681 .
593 2652 649 2681 Καὶ
666 2651 727 2691 ’γὰρ
746 2654 940 2681 ἑστεοεωσεν
957 2653 1017 2689 τὴν
1034 2652 1233 2692 οἱκουμένη[ν
1250 2654 1346 2694 ἥ]τις.
1372 2680 1377 2686 .
1404 2679 1413 2688 .
1435 2658 1465 2690 .'’
