1747 3121
211 206 293 247 518
838 213 1072 244 APPENDIX.

216 332 422 370 nunquam
453 322 653 358 cessatum
683 322 772 367 est3
800 321 844 356 et
874 319 931 355 sic
959 318 1093 356 omnia
1116 328 1218 367 quae
1246 316 1500 354 celebrantur
1531 319 1690 366 protra-

217 381 384 429 huntur,
416 386 465 419 ut
495 386 614 420 nocte
643 381 776 418 media
805 384 898 430 post
927 380 1049 418 missa
1078 392 1182 430 quae
1214 378 1325 417 facta
1349 378 1551 417 fueritin
1583 377 1693 428 Syon

218 457 355 481 omnes
385 444 437 482 ad
457 444 593 482 domos
613 456 706 480 suas
725 446 996 480 revertantur.

511 623 546 661 4.
579 622 827 674 Resumptz‘on
855 621 904 672 of
926 621 986 660 the
1018 621 1211 672 Ordinary
1238 621 1400 662 service.

300 737 397 777 Jam
425 741 564 776 autem
593 737 645 775 de
678 737 759 774 alia
787 736 853 774 die
887 735 1318 786 Quinquagesimarum
1347 747 1483 774 omnes
1508 733 1698 787 jejunant

217 803 339 854 juxta
369 802 703 840 consuetudinem
729 802 836 840 sicut
863 805 952 840 toto
980 814 1096 848 anno,
1118 802 1189 852 qui
1215 804 1337 851 prout
1364 804 1511 851 potest,
1532 804 1700 851 excepta

220 867 285 904 die
304 866 466 903 sabbati
485 869 527 903 et
546 865 756 912 dominica,
778 878 858 915 qua
882 877 1090 914 nunquam
1116 863 1327 915 jejunatur
1346 864 1391 901 in
1408 863 1564 901 hisdem
1590 864 1696 901 locis.

220 930 361 967 Etiam
392 928 649 979 postmodum
679 929 824 966 ceteris
855 926 997 965 diebus
1027 928 1089 964 ita
1124 927 1285 976 singula
1317 930 1497 976 aguntur
1532 930 1580 964 ut
1610 929 1700 964 toto

220 1005 354 1037 anno;
403 991 445 1028 id
483 994 545 1028 est
582 1003 739 1040 semper
775 990 826 1027 de
862 989 973 1039 pullo
1009 990 1138 1039 primo
1175 989 1227 1026 ad
1256 989 1463 1026 Anastase
1494 988 1697 1038 vigiletur.

220 1055 329 1092 Nam
348 1055 383 1092 si
402 1054 601 1092 dominica
622 1054 705 1092 dies
724 1058 796 1102 est,
819 1055 994 1104 primum
1013 1055 1122 1103 leget
1142 1052 1191 1091 de
1209 1053 1320 1103 pullo
1338 1053 1467 1102 primo
1495 1052 1700 1102 episcopus

220 1120 473 1170 evangelium
503 1120 625 1170 juxta
662 1119 993 1158 consuetudinem
1026 1119 1136 1157 intro
1166 1118 1370 1156 Anastase
1406 1117 1537 1154 locum
1569 1129 1701 1154 resur-

221 1183 411 1221 rectionis
442 1182 621 1229 Domini,
653 1183 724 1232 qui
767 1195 923 1231 semper
966 1182 1165 1219 dominica
1203 1181 1268 1218 die
1304 1180 1454 1230 legitur
1470 1193 1482 1227 3
1523 1183 1566 1217 et
1594 1183 1706 1230 post-—

219 1246 421 1299 m0du[m]
458 1248 572 1297 ymni
609 1260 680 1284 seu
722 1246 968 1296 antiphonae
1006 1260 1134 1297 usque
1171 1246 1223 1284 ad
1261 1247 1390 1285 lucem
1429 1247 1622 1285 dicuntur
1659 1248 1704 1286 in

219 1312 435 1350 Anastase.
506 1310 548 1347 Si
595 1314 732 1347 autem
780 1310 979 1347 dominica
1017 1310 1101 1347 dies
1144 1323 1225 1348 non
1272 1315 1344 1356 est,
1386 1314 1550 1348 tantum
1597 1310 1703 1360 quod

217 1374 330 1423 ymni
363 1373 428 1410 vel
458 1371 705 1422 antiphonae
734 1372 921 1409 similiter
955 1371 1005 1410 de
1034 1372 1145 1422 pullo
1175 1372 1304 1422 primo
1333 1385 1460 1422 usque
1490 1373 1542 1410 acl
1572 1373 1702 1411 lucem

219 1436 412 1473 dicuntur
448 1435 493 1472 in
528 1435 745 1472 Anastase.
802 1435 1075 1484 Aputactitae
1112 1448 1249 1473 omnes
1286 1435 1465 1483 vadent3
1504 1435 1554 1473 de
1586 1436 1703 1485 plebe

219 1502 368 1544 autem,
406 1498 476 1547 qui
522 1497 717 1547 quomodo
757 1502 939 1546 possunt,
979 1497 1132 1534 vadent
1148 1511 1160 1546 3
1208 1498 1341 1534 clerici
1378 1501 1516 1535 autem
1554 1498 1702 1535 cotidie

217 1561 374 1597 vicibus
419 1559 585 1598 vadent.
661 1559 808 1597 Clerici
861 1563 998 1597 autem
1052 1559 1102 1597 de
1148 1560 1258 1609 pullo
1303 1561 1444 1610 primo,
1492 1560 1701 1611 episcopus

218 1622 355 1655 autem
397 1618 625 1655 albescente
669 1616 791 1656 vadet
829 1632 996 1668 semper,
1031 1623 1080 1657 ut
1109 1621 1230 1658 missa
1263 1621 1336 1658 fiat
1367 1622 1573 1659 matutina
1606 1635 1697 1660 cum

218 1681 403 1719 omnibus
429 1680 596 1728 clericis,
625 1686 795 1732 excepta
821 1682 1020 1721 dominica
1048 1683 1137 1721 die:
1167 1684 1265 1733 quia
1302 1697 1462 1722 necesse
1489 1689 1552 1722 est
1581 1685 1695 1723 illum

219 1743 269 1780 de
300 1743 413 1792 pullo
445 1743 574 1792 primo
592 1743 663 1790 ire,
695 1747 743 1781 ut
773 1745 1025 1794 evangelium
1064 1745 1174 1795 legat
1203 1746 1247 1783 in
1275 1745 1493 1786 Anastase.
1551 1745 1698 1784 Denuo

218 1804 271 1842 acl
322 1804 461 1843 horam
510 1808 668 1842 sextam
718 1809 898 1855 aguntur
950 1819 1052 1856 quae
1103 1807 1457 1844 consuetudinaria
1505 1811 1603 1844 sunt
1653 1808 1697 1846 in

218 1869 456 1915 Anastase3
503 1868 689 1904 similiter
731 1872 773 1905 et
820 1867 873 1905 ad
916 1881 1035 1914 nona,
1074 1869 1260 1906 similiter
1301 1873 1342 1906 et
1389 1869 1441 1906 ad
1487 1868 1697 1906 lucernare

215 1929 337 1980 juxta
370 1928 699 1966 consuetudinem
730 1941 851 1978 quam
889 1929 1097 1967 consuevit
1133 1933 1221 1967 toto
1249 1942 1356 1967 anno
1383 1930 1480 1967 fieri.
1540 1929 1698 1975 Quarta

218 1995 354 2028 autem
384 1994 426 2028 et
453 1994 571 2028 sexta
601 1990 704 2027 feria
732 2003 887 2041 semper
915 2004 1022 2030 nona
1050 1992 1094 2029 in
1122 1991 1231 2042 Syon
1258 1992 1308 2030 fit
1333 1991 1457 2043 juxta
1482 1996 1695 2031 consuetu-

220 2053 368 2091 dinem.

915 2215 1016 2255 VH.

859 2327 1055 2368 BAPTisM.

553 2443 588 2482 1.
621 2442 699 2481 The
726 2441 939 2492 Inscribinq
967 2441 1015 2492 of
1039 2441 1098 2480 the
1129 2440 1372 2493 Competeozt&

302 2555 357 2594 Et
395 2556 496 2594 illud
533 2557 656 2594 etiam
685 2556 858 2593 scribere
894 2554 1017 2593 debui
1046 2554 1380 2606 quemadmodum
1418 2553 1614 2593 docentur
1649 2552 1694 2593 hi

220 2619 292 2668 qui
338 2618 621 2668 bapticliantur
667 2631 738 2669 per
776 2618 943 2656 Pascha.
1000 2617 1108 2655 Nam
1154 2618 1226 2667 qui
1273 2617 1345 2655 dat
1381 2630 1527 2655 nomen
1563 2630 1690 2664 suum,

220 2684 316 2717 ante
354 2680 459 2718 diem
492 2680 897 2730 Quadragesimarum
928 2679 1010 2727 dat,
1043 2683 1087 2717 et
1120 2680 1295 2717 omnium
1331 2680 1493 2718 nomina
1521 2682 1692 2717 annotat
