1747 3121
542 171 627 200 THE
658 168 876 200 GALLmAN
908 168 1030 199 MAss.
1439 157 1521 198 199

124 272 191 306 Pro
217 271 375 306 Ecclesia
400 274 460 305 tua
484 274 606 305 sancta
631 270 815 314 catholica,
841 280 930 315 quae
955 268 1013 303 hic
1039 272 1075 303 et
1099 280 1160 314 per
1177 268 1381 303 universum
1401 268 1519 303 orbem

56 327 179 362 diffusa
197 330 260 368 est,
278 337 473 372 precamur,
492 329 557 361 etc.

125 381 191 415 Pro
216 392 307 426 papa
332 384 452 415 nostro
477 379 565 414 illel
591 383 626 414 et
648 379 743 413 omni
768 378 860 414 clero
883 378 957 424 ejus
976 377 1206 423 omnibusque
1224 378 1463 413 sacerdotibus
1480 389 1522 413 ac

56 436 231 480 ministris,
249 446 433 482 precamur
459 462 467 470 .
492 462 501 471 .
528 462 536 470 .

126 491 193 525 Pro
218 490 350 525 famulo
376 494 436 525 tuo
461 491 522 525 illo
542 490 752 535 imperatore
771 493 807 524 et
824 488 954 523 famula
973 492 1033 523 tua
1050 489 1117 524 illa
1134 488 1355 534 imperatrice
1375 492 1410 523 et
1430 488 1525 523 omni

55 546 213 582 exercitu
231 557 362 590 eorum,
381 557 565 591 precamur
590 572 598 581 .
625 572 632 580 .
659 573 668 580 .

125 601 192 635 Pro
217 612 304 646 pace
333 600 550 642 eclesiarum,
581 599 767 634 vocatione
796 599 954 644 gentium
984 602 1020 634 et
1049 599 1166 645 quiete
1196 598 1418 645 populorum,
1449 610 1528 645 pre-

57 667 180 691 camur
205 683 213 691 .
240 682 247 690 .
276 682 284 689 .

127 713 193 746 Pro
218 711 320 758 plebe
346 711 413 746 hac
439 714 475 746 et
499 712 767 746 conversatione
795 711 869 757 ejus
896 710 1128 757 omnibusque
1151 711 1393 746 habitantibus
1416 711 1453 746 in
1476 723 1529 757 ea,

58 779 243 814 precamur
268 794 276 802 .
304 793 312 801 .
339 793 348 802 .

127 824 195 858 Pro
236 834 356 858 aerum
396 822 566 869 temperie
607 834 650 858 ac
691 822 870 856 fructuum
908 826 944 857 et
976 822 1191 857 fecunditate
1231 826 1415 868 terrarum,
1452 834 1530 869 pre-

63 890 185 915 camur
209 905 218 914 .
244 905 253 913 .
279 906 287 914 .

131 933 199 968 Pro
242 932 446 978 virginibus,
497 931 625 978 viduis,
677 931 817 976 orfanis,
869 931 1017 977 captivis
1066 942 1109 966 ac
1157 932 1406 979 penitentibus,
1439 936 1532 979 ‘pre-

65 1000 187 1025 camur
213 1015 221 1024 .
247 1014 257 1024 .
282 1015 291 1024 .

132 1046 199 1080 Pro
222 1044 479 1090 navigantibus,
497 1044 563 1079 iter
585 1043 779 1089 agentibus,
798 1043 834 1077 in
852 1043 1060 1086 carceribus,
1080 1044 1115 1077 in
1132 1043 1293 1089 vinculis,
1310 1044 1346 1079 in
1365 1044 1528 1089 metallis,

63 1101 100 1137 in
118 1101 229 1136 exiliis
246 1099 454 1144 constitum,
472 1111 659 1146 precamur
683 1125 691 1134 .
719 1127 726 1135 .
756 1126 764 1133 .

133 1156 200 1190 Pro
243 1155 297 1189 his
338 1154 397 1199 qui
438 1153 584 1188 diversis
624 1153 884 1188 infirmitatibus
925 1153 1136 1199 detinentur,
1179 1154 1311 1201 quique
1349 1156 1529 1202 spiritibus

67 1214 239 1246 vexantur
256 1210 442 1254 inmundis,
461 1221 645 1254 precamur
672 1236 679 1244 .
708 1236 715 1243 .
744 1236 751 1243 .

134 1267 201 1300 Pro
230 1266 285 1300 his
314 1265 372 1310 qui
400 1266 436 1299 in
466 1268 587 1300 sancta
616 1268 676 1299 tua
706 1265 843 1299 Eclesia
872 1265 1006 1299 fructus
1035 1265 1293 1300 misericordiae
1322 1265 1528 1313 largiuntur,

63 1329 248 1365 precamur
273 1344 281 1353 .
308 1345 315 1353 .
343 1345 350 1353 .

136 1373 276 1408 Exaudi
301 1385 364 1408 nos
390 1374 497 1416 Deus,
523 1372 561 1407 in
587 1373 681 1408 omni
707 1375 865 1408 oratione
891 1376 997 1419 atque
1024 1373 1272 1419 deprecatione
1297 1378 1426 1420 nostra,
1454 1386 1534 1421 pre-

64 1443 185 1468 camur
211 1459 219 1466 .
248 1458 255 1466 .
283 1457 290 1464 .

134 1487 302 1521 Dicamus
330 1496 472 1520 omnes:
500 1483 651 1519 Domine
677 1484 852 1519 miserere.
902 1483 1027 1529 Ky(rie
1054 1483 1212 1529 eleison),
1230 1485 1355 1530 Ky(rie
1376 1485 1535 1531 eleison),

67 1541 192 1587 Ky(rie
211 1540 371 1585 eleison).

154 1669 210 1709 In
245 1667 320 1708 the
358 1667 497 1708 Stowe
525 1665 689 1716 Missal,
722 1666 1017 1721 representing
1052 1667 1125 1708 the
1159 1667 1272 1708 Irish
1306 1682 1391 1718 use,
1424 1669 1542 1711 there

69 1739 105 1780 is
141 1751 166 1778 a
200 1751 301 1790 very
337 1735 500 1777 similar
535 1735 677 1789 litany
714 1735 904 1776 between
937 1735 1010 1777 the
1046 1736 1211 1789 Epistle
1252 1737 1336 1778 and
1372 1737 1542 1792 Gospel.

71 1808 114 1848 It
133 1806 170 1847 is
192 1820 238 1847 as
260 1805 428 1846 follows
444 1803 543 1846 2:—

144 1940 310 1975 Dicamus
336 1951 457 1974 omnes
474 1953 480 1975 :
511 1940 693 1975 “Domine
718 1941 846 1976 exaudi
865 1945 901 1976 et
917 1942 1092 1986 miserere,
1113 1942 1264 1977 Domine
1282 1943 1485 1990 mise1·ere,'’
1503 1958 1560 1982 ex-

77 2000 151 2032 toto
169 1995 274 2030 corde
293 1999 328 2030 et
345 2007 388 2029 ex
406 1998 482 2029 tota
498 1999 629 2031 mente.

147 2051 213 2092 Qui
238 2050 380 2095 respicis
404 2062 507 2096 super
530 2055 662 2085 terram
681 2055 717 2086 et
734 2051 820 2086 sacis
838 2063 916 2087 eam
933 2053 1291 2088 tremere—Oramus
1310 2054 1362 2100 [te
1381 2055 1544 2102 Domine,

78 2105 207 2141 exaudi
226 2109 261 2140 et
278 2105 487 2150 miserere].3

151 2161 180 2195 1.
224 2160 290 2194 Pro
329 2159 498 2194 altissima
531 2172 617 2206 pace
650 2164 686 2196 et
719 2161 967 2207 tranquillitate
1000 2166 1197 2208 temporum
1231 2168 1439 2210 nostrorum,
1473 2177 1554 2212 pro-

147 2278 155 2296 ¹
180 2278 254 2309 The
284 2278 501 2320 Archbishop
532 2279 570 2311 of
600 2280 720 2312 Milan.
779 2282 871 2322 [The
902 2283 990 2313 term
1021 2282 1173 2323 “papa‚’'
1200 2293 1237 2314 or
1270 2294 1365 2324 pope,
1395 2295 1463 2317 was
1492 2289 1552 2318 not

79 2327 258 2358 restricted
270 2329 305 2359 to
320 2328 379 2359 the
391 2329 519 2369 Bishop
530 2329 566 2360 of
581 2330 686 2361 Rome
704 2330 760 2361 till
777 2331 836 2361 the
853 2332 934 2362 time
948 2332 984 2362 of
998 2330 1150 2372 Gregory
1161 2332 1253 2371 VII.‚
1266 2334 1551 2378 1073-85.-TR.]

145 2377 157 2394 ²
180 2377 219 2408 F.
237 2377 276 2408 E.
295 2378 450 2417 Warren,
469 2379 535 2410 The
548 2379 691 2421 Lituryy
707 2380 745 2421 of
759 2381 808 2411 the
828 2379 930 2412 Celtic
948 2380 1089 2420 Olzurch,
1105 2391 1136 2422 p.
1155 2382 1227 2414 229.

144 2421 156 2439 ²
180 2421 222 2451 In
248 2422 308 2452 the
334 2422 444 2453 Stowe
472 2424 591 2455 Missal
614 2428 698 2457 each
715 2437 809 2458 verse
832 2428 861 2458 is
882 2428 1040 2460 followed
1062 2430 1105 2470 by
1122 2431 1181 2462 the
1198 2433 1288 2464 word
1308 2434 1450 2468 Oramus
1466 2439 1546 2480 only

70 2472 103 2502 A
132 2471 246 2503 Fulda
277 2474 496 2514 manuscript,
524 2475 651 2516 quoted
681 2476 726 2517 by
756 2477 852 2509 Bona
879 2479 969 2518 (Ber.
996 2479 1139 2523 Litury„
1160 2481 1195 2514 ii.
1223 2484 1253 2521 4,
1278 2485 1295 2525 ξ
1321 2486 1367 2525 3),
1393 2489 1547 2521 contains

76 2524 136 2555 the
159 2533 250 2555 same
274 2524 412 2565 Litany‚
437 2525 522 2557 with
545 2536 565 2557 a
588 2526 653 2558 few
677 2528 785 2568 slight
818 2530 1010 2562 variatione.
1065 2532 1106 2562 Iu
1132 2532 1160 2564 it
1180 2533 1208 2565 it
1231 2534 1260 2565 is
1284 2545 1363 2567 seen
1387 2538 1464 2570 that
1488 2540 1547 2572 the

77 2575 262 2632 formulary
287 2575 324 2606 of
345 2575 404 2607 the
429 2576 601 2617 Response
629 2579 737 2619 ought
767 2582 801 2611 to
826 2581 866 2611 be
897 2583 1084 2622 completed
1111 2594 1148 2615 as
1179 2585 1196 2616 I
1228 2585 1315 2619 have
1339 2588 1419 2621 here
1442 2592 1545 2632 given

79 2628 105 2657 it
121 2626 180 2666 (cf.
198 2626 348 2664 Warren,
364 2636 395 2668 p.
413 2627 502 2667 252).
