1747 3121
568 190 652 220 Tus
683 189 898 220 GALLmAN
929 189 1054 221 ΜΑεε,
1465 180 1546 222 207

624 388 830 413 PRAEFATIO
856 387 1002 413 MISSAE.

150 479 420 515 Sacrosanctum
459 480 584 515 beatae
625 480 829 515 Nativitatis
863 479 967 523 diem,
999 478 1036 513 in
1069 491 1147 525 quo,
1182 481 1349 514 nascente
1382 478 1549 520 Domino,

79 534 256 580 virginalis
281 535 370 570 uteri
395 546 523 569 arcana
549 535 667 568 laxata
692 538 784 577 sunt,
802 534 1155 580 incorruptorumque
1179 533 1385 578 genitalium
1411 533 1549 579 pondus

79 590 207 626 saeculi
233 590 395 626 levamen
424 590 571 625 effusum
601 593 664 633 est,
694 590 784 624 sicut
809 589 1054 634 exoptavimus
1081 589 1173 624 votis
1200 589 1249 624 ita
1276 600 1486 623 veneremur
1515 592 1551 622 et

77 647 223 692 gaudiis.
274 647 344 682 Hic
372 657 523 691 namque
551 649 645 680 ortus
674 645 729 680 die
756 644 980 690 splendidior,
1010 644 1088 679 luce
1119 644 1357 680 coruscantior
1389 647 1452 679 est.
1503 643 1547 677 In

78 703 146 738 hoc
179 702 454 748 omnipotentem
495 702 610 736 Deum
651 701 710 746 qui
751 704 926 735 terrenam
959 700 1188 745 fragilemque
1223 700 1409 735 materiam
1441 711 1548 734 causa

78 762 216 793 nostrae
256 756 508 802 redemptionis
541 755 746 800 adsumpsit,
780 755 923 789 Fratres
957 754 1182 799 dilectissimi,
1218 754 1392 800 supplices
1427 755 1549 800 depre-

79 825 208 857 cemur,
241 813 291 846 uti
325 824 398 856 nos,
433 823 519 857 quos
559 815 636 845 ortu
678 810 829 856 corporis
863 810 1030 853 visitavit,
1064 810 1231 845 societate
1266 810 1545 844 conversationis

79 869 227 914 edocuit,
257 871 445 915 praecepto
478 865 745 912 praedicationis
774 865 933 907 instituit,
964 865 1207 910 degustatione
1235 865 1357 900 mortis
1385 864 1547 907 redemit,

78 922 342 969 participatione
368 920 488 955 mortis
513 920 696 965 amplexus
722 923 783 964 est,
803 919 912 953 divini
939 919 1088 964 Spiritus
1112 919 1286 953 infusione
1314 919 1450 961 ditavit,
1477 919 1542 953 sub

78 982 247 1025 perpetua
280 976 465 1011 devotione
500 976 691 1018 custodiat3
736 979 771 1009 et
803 974 839 1008 in
871 975 927 1008 his
960 974 1054 1008 beati
1087 975 1276 1009 famulatus
1309 975 1433 1009 studiis
1466 987 1544 1020 per-

78 1045 220 1069 manere
249 1032 422 1068 concedat
446 1031 503 1077 qui
529 1043 607 1066 cum
634 1032 737 1066 Patre
761 1034 796 1065 et
822 1030 951 1076 Spiritu
975 1030 1105 1065 Sancto
1123 1030 1212 1065 vivit
1237 1034 1273 1065 et
1297 1034 1421 1075 regnat
1448 1031 1544 1065 Deus

80 1089 115 1123 in
133 1087 273 1124 saecula
290 1087 520 1123 saeculorum.

611 1276 810 1300 COLLECTIO
836 1276 1029 1305 SEQUITUR.

151 1367 258 1408 Deus,
287 1365 345 1410 qui
374 1365 471 1398 dives
499 1375 536 1398 es
566 1363 601 1397 in
630 1363 878 1407 misericordia,
905 1375 973 1408 qua
1004 1368 1160 1399 mortuos
1190 1376 1254 1399 nos
1283 1365 1437 1410 peccatis
1464 1376 1548 1399 con-

82 1420 267 1457 vivificasti
285 1419 422 1456 Christo
440 1419 512 1453 filio
529 1422 601 1461 tuo,
621 1422 661 1453 ut
677 1418 824 1453 formam
844 1419 937 1453 servi
963 1420 1139 1465 acciperet
1156 1420 1214 1465 qui
1234 1420 1351 1455 omnia
1370 1421 1548 1463 formavit,

82 1479 122 1511 ut
145 1476 203 1522 qui
223 1479 297 1510 erat
319 1474 355 1509 in
379 1474 509 1509 deitate
535 1477 762 1518 generaretur
784 1474 821 1508 in
842 1485 956 1516 carne,
976 1478 1015 1507 ut
1032 1474 1271 1509 involveretur
1288 1475 1324 1509 in
1342 1475 1467 1520 pannis
1485 1475 1546 1520 qui

82 1531 295 1567 adorabatur
319 1530 356 1563 in
381 1528 499 1570 stellis,
526 1533 567 1563 ut
586 1528 722 1574 jaceret
747 1528 783 1562 in
808 1529 989 1574 praesepio
1015 1529 1076 1574 qui
1101 1530 1269 1574 regnabat
1294 1530 1329 1564 in
1355 1529 1473 1574 caelo;
1499 1530 1552 1564 in-

83 1586 290 1622 vocantibus
315 1585 415 1620 nobis
440 1596 559 1619 aurem
587 1584 780 1629 majestatis
803 1588 884 1618 tuae
910 1584 1118 1630 propitiatus
1143 1585 1387 1629 adcommoda,
1414 1585 1549 1620 donans

82 1644 149 1678 hoc
174 1654 236 1688 per
260 1640 471 1676 ineffabilem
496 1644 578 1674 tuae
607 1639 863 1674 misericordiae
883 1640 1076 1682 caritatem,
1095 1644 1134 1674 ut
1159 1640 1220 1686 qui
1246 1640 1482 1675 exultavimus
1508 1641 1552 1675 de

82 1699 265 1733 nativitate
294 1696 375 1731 Filii
403 1696 465 1739 tui,
492 1696 553 1741 qui
581 1695 637 1730 vel
667 1707 712 1729 ex
741 1695 875 1739 virgine
904 1700 1005 1729 natus
1034 1696 1089 1729 vel
1117 1708 1161 1730 ex
1189 1696 1319 1741 Spiritu
1346 1700 1467 1731 sancto
1498 1708 1552 1731 re-

19 1758 22 1766 ’
83 1757 272 1801 generatus
301 1756 364 1794 est,
383 1763 567 1797 pareamus
596 1751 791 1796 praeceptis
815 1751 888 1796 ejus
914 1751 1040 1796 quibus
1068 1763 1132 1785 nos
1158 1752 1299 1786 edocuit
1322 1752 1367 1786 ad
1393 1751 1553 1786 salutem.

84 1809 237 1853 Praesta,
277 1819 338 1854 per
379 1807 559 1842 dominum
600 1810 757 1841 nostrum
797 1806 921 1841 Jesum
963 1806 1140 1841 Christum
1183 1806 1309 1841 Filium
1350 1812 1461 1850 tuum,
1495 1808 1554 1853 qui

85 1871 210 1909 tecum,
228 1867 294 1899 etc.

173 1996 227 2036 In
260 1995 332 2036 the
381 1994 638 2035 Ambrosian
676 1994 759 2034 and
794 1993 1035 2034 Mozarabic
1077 1993 1271 2047 liturgies
1313 1993 1431 2035 these
1468 1994 1552 2035 for-

86 2064 288 2106 mularies
322 2077 390 2104 are
427 2063 633 2116 preceded
669 2063 727 2116 by
760 2077 784 2103 a
819 2061 1081 2103 salutation.l
1143 2062 1202 2104 St.
1239 2062 1404 2104 Isidore
1438 2064 1556 2118 gives

87 2134 205 2175 them
241 2146 286 2173 as
323 2132 395 2173 the
432 2135 516 2171 two
552 2131 645 2171 first
680 2144 852 2185 prayers
890 2132 935 2172 of
973 2131 1046 2172 the
1087 2131 1220 2173 Mass.
1284 2132 1402 2186 They
1433 2133 1553 2183 form,

87 2204 131 2244 in
167 2202 264 2251 fact,
296 2201 399 2254 only
430 2213 509 2240 one
546 2213 708 2253 prayer,
747 2200 829 2240 and
866 2200 960 2241 that
1001 2205 1077 2240 not
1110 2199 1183 2240 the
1219 2200 1337 2251 first3
1383 2201 1460 2242 but
1493 2201 1553 2244 St.

152 2348 162 2366 ¹
189 2347 222 2378 It
244 2356 311 2378 was
337 2347 372 2377 at
397 2345 468 2376 this
492 2345 588 2385 point
613 2344 689 2375 that
713 2344 772 2375 the
794 2344 875 2375 Kiss
891 2344 928 2375 of
942 2343 1050 2374 Peace
1069 2343 1229 2374 occurred
1250 2343 1410 2385 formerly
1434 2345 1470 2377 in
1494 2346 1555 2378 the

88 2399 255 2431 Milanese
280 2407 349 2428 use.
395 2397 470 2427 The
495 2396 623 2427 deacon
654 2406 740 2436 gave
771 2395 830 2427 the
861 2395 973 2435 signal
1004 2395 1055 2426 for
1085 2396 1114 2426 it
1141 2395 1184 2436 by
1209 2395 1268 2426 the
1294 2396 1410 2435 words,
1435 2398 1555 2431 Pacem

88 2450 218 2482 habete!
263 2449 318 2480 He
334 2448 417 2480 then
433 2447 562 2479 added:
587 2447 716 2488 Eriyite
740 2457 792 2478 vos
817 2447 863 2477 ad
887 2446 1089 2478 orationem!
1118 2448 1152 2477 to
1168 2446 1281 2477 which
1305 2447 1364 2478 the
1389 2458 1556 2489 response,

89 2502 142 2534 Ad
167 2504 194 2532 te
218 2500 367 2537 Domine,
394 2509 461 2530 was
489 2499 601 2539 given.
648 2498 699 2529 Of.
725 2498 785 2528 the
812 2497 865 2530 Σοὶ
893 2496 996 2539 Κύριε,
1021 2507 1041 2528 a
1068 2498 1227 2538 frequent
1254 2508 1409 2538 response
1434 2500 1471 2530 in
1498 2500 1556 2531 the

89 2551 206 2583 Greek
235 2550 402 2590 liturgies.
448 2551 497 2581 At
520 2549 579 2580 the
610 2551 745 2589 present
771 2548 837 2589 day
863 2548 922 2579 the
947 2548 1053 2579 words
1077 2548 1207 2590 Eriqz'te
1231 2559 1282 2579 vos
1309 2550 1354 2581 ad
1379 2552 1557 2583 orationem

89 2613 147 2634 are
170 2601 315 2633 omitted
338 2601 423 2632 from
448 2601 507 2632 the
527 2600 703 2641 liturgica]
730 2599 839 2638 books,
861 2599 928 2630 and
954 2599 1013 2630 the
1038 2609 1193 2639 response
1210 2599 1262 2631 Ad
1282 2602 1310 2631 te
1333 2600 1471 2633 Domine
1495 2601 1556 2634 has

90 2663 133 2684 no
149 2653 274 2692 longer,
291 2652 544 2692 consequently,
560 2652 605 2682 its
621 2650 757 2682 natural
774 2660 879 2682 sense.

1347 2704 1371 2733 P
