<?xml version="1.0" encoding="UTF-8"?>
<!DOCTYPE html PUBLIC "-//W3C//DTD XHTML 1.0 Transitional//EN"
    "http://www.w3.org/TR/xhtml1/DTD/xhtml1-transitional.dtd">
<html xmlns="http://www.w3.org/1999/xhtml" xml:lang="en" lang="en">
 <head>
  <title>
</title>
<meta http-equiv="Content-Type" content="text/html;charset=utf-8" />
  <meta name='ocr-system' content='tesseract 3.04.00' />
  <meta name='ocr-capabilities' content='ocr_page ocr_carea ocr_par ocr_line ocrx_word'/>
</head>
<body>
  <div class='ocr_page' id='page_1' title='image "./christianworship00duch_0532.png"; bbox 0 0 1747 3121; ppageno 0'>
   <div class='ocr_carea' id='block_1_1' title="bbox 199 197 1060 239">
    <p class='ocr_par' dir='ltr' id='par_1_1' title="bbox 199 197 1060 239">
     <span class='ocr_line' id='line_1_1' title="bbox 199 197 1060 239; baseline -0.009 -1"><span class='ocrx_word' id='word_1_1' title='bbox 199 197 281 239; x_wconf 88' lang='lat'>506</span> <span class='ocrx_word' id='word_1_2' title='bbox 827 200 1060 234; x_wconf 83' lang='lat' dir='ltr'>APPENDIX.</span> 
     </span>
    </p>
   </div>
   <div class='ocr_carea' id='block_1_2' title="bbox 194 301 1675 420">
    <p class='ocr_par' dir='ltr' id='par_1_2' title="bbox 194 301 1675 420">
     <span class='ocr_line' id='line_1_2' title="bbox 196 301 1675 353; baseline -0.003 -10"><span class='ocrx_word' id='word_1_3' title='bbox 196 310 329 344; x_wconf 89' lang='lat' dir='ltr'>totum</span> <span class='ocrx_word' id='word_1_4' title='bbox 357 306 406 343; x_wconf 83' lang='lat' dir='ltr'>fit</span> <span class='ocrx_word' id='word_1_5' title='bbox 435 306 667 353; x_wconf 79' lang='lat' dir='ltr'>lucernare3</span> <span class='ocrx_word' id='word_1_6' title='bbox 695 305 743 342; x_wconf 86' lang='lat' dir='ltr'>fit</span> <span class='ocrx_word' id='word_1_7' title='bbox 771 304 902 342; x_wconf 88' lang='lat' dir='ltr'>denuo</span> <span class='ocrx_word' id='word_1_8' title='bbox 932 303 1063 341; x_wconf 84' lang='lat' dir='ltr'>oratio</span> <span class='ocrx_word' id='word_1_9' title='bbox 1094 301 1146 340; x_wconf 88' lang='lat' dir='ltr'>ad</span> <span class='ocrx_word' id='word_1_10' title='bbox 1179 301 1348 340; x_wconf 84' lang='lat' dir='ltr'>Crucem</span> <span class='ocrx_word' id='word_1_11' title='bbox 1376 306 1418 340; x_wconf 87' lang='lat' dir='ltr'>et</span> <span class='ocrx_word' id='word_1_12' title='bbox 1447 301 1675 340; x_wconf 83' lang='lat' dir='ltr'>dimittitur</span> 
     </span>
     <span class='ocr_line' id='line_1_3' title="bbox 194 369 379 420; baseline -0.005 -13"><span class='ocrx_word' id='word_1_13' title='bbox 194 369 379 420; x_wconf 86' lang='lat' dir='ltr'>populus.</span> 
     </span>
    </p>
   </div>
   <div class='ocr_carea' id='block_1_3' title="bbox 638 560 1238 612">
    <p class='ocr_par' dir='ltr' id='par_1_3' title="bbox 638 560 1238 612">
     <span class='ocr_line' id='line_1_4' title="bbox 638 560 1238 612; baseline -0.002 -10"><span class='ocrx_word' id='word_1_14' title='bbox 638 564 674 602; x_wconf 90' lang='lat'>3.</span> <span class='ocrx_word' id='word_1_15' title='bbox 706 563 877 612; x_wconf 72' lang='lat' dir='ltr'>Monday</span> <span class='ocrx_word' id='word_1_16' title='bbox 905 562 946 600; x_wconf 67' lang='lat' dir='ltr'>in</span> <span class='ocrx_word' id='word_1_17' title='bbox 975 561 1078 612; x_wconf 75' lang='lat' dir='ltr'>Holy</span> <span class='ocrx_word' id='word_1_18' title='bbox 1112 560 1238 601; x_wconf 74' lang='lat' dir='ltr'>Week.</span> 
     </span>
    </p>
   </div>
   <div class='ocr_carea' id='block_1_4' title="bbox 186 677 1677 1353">
    <p class='ocr_par' dir='ltr' id='par_1_4' title="bbox 186 677 1677 1353">
     <span class='ocr_line' id='line_1_5' title="bbox 276 677 1677 727; baseline -0.003 -10"><span class='ocrx_word' id='word_1_19' title='bbox 276 680 383 718; x_wconf 88' lang='lat' dir='ltr'>Item</span> <span class='ocrx_word' id='word_1_20' title='bbox 412 680 492 716; x_wconf 89' lang='lat' dir='ltr'>alia</span> <span class='ocrx_word' id='word_1_21' title='bbox 518 678 593 725; x_wconf 84' lang='lat' dir='ltr'>die,</span> <span class='ocrx_word' id='word_1_22' title='bbox 617 678 659 716; x_wconf 89' lang='lat' dir='ltr'>id</span> <span class='ocrx_word' id='word_1_23' title='bbox 685 683 746 716; x_wconf 88' lang='lat' dir='ltr'>est</span> <span class='ocrx_word' id='word_1_24' title='bbox 773 677 949 716; x_wconf 87' lang='lat' dir='ltr'>secunda</span> <span class='ocrx_word' id='word_1_25' title='bbox 978 677 1091 724; x_wconf 81' lang='lat' dir='ltr'>feria,</span> <span class='ocrx_word' id='word_1_26' title='bbox 1125 681 1305 727; x_wconf 84' lang='lat' dir='ltr'>aguntur</span> <span class='ocrx_word' id='word_1_27' title='bbox 1336 689 1438 727; x_wconf 86' lang='lat' dir='ltr'>quae</span> <span class='ocrx_word' id='word_1_28' title='bbox 1466 680 1677 714; x_wconf 87' lang='lat' dir='ltr'>consuetu-</span> 
     </span>
     <span class='ocr_line' id='line_1_6' title="bbox 194 739 1677 791; baseline -0.001 -13"><span class='ocrx_word' id='word_1_29' title='bbox 194 742 299 779; x_wconf 83' lang='lat' dir='ltr'>dinis</span> <span class='ocrx_word' id='word_1_30' title='bbox 318 745 415 778; x_wconf 88' lang='lat' dir='ltr'>sunt</span> <span class='ocrx_word' id='word_1_31' title='bbox 435 741 485 778; x_wconf 91' lang='lat' dir='ltr'>de</span> <span class='ocrx_word' id='word_1_32' title='bbox 504 741 616 790; x_wconf 88' lang='lat' dir='ltr'>pullo</span> <span class='ocrx_word' id='word_1_33' title='bbox 640 741 770 791; x_wconf 87' lang='lat' dir='ltr'>primo</span> <span class='ocrx_word' id='word_1_34' title='bbox 796 741 862 790; x_wconf 81' lang='lat' dir='ltr'>agi</span> <span class='ocrx_word' id='word_1_35' title='bbox 887 753 1012 790; x_wconf 88' lang='lat' dir='ltr'>usque</span> <span class='ocrx_word' id='word_1_36' title='bbox 1031 739 1083 777; x_wconf 89' lang='lat' dir='ltr'>ad</span> <span class='ocrx_word' id='word_1_37' title='bbox 1102 753 1220 777; x_wconf 88' lang='lat' dir='ltr'>mane</span> <span class='ocrx_word' id='word_1_38' title='bbox 1239 739 1292 776; x_wconf 88' lang='lat' dir='ltr'>ad</span> <span class='ocrx_word' id='word_1_39' title='bbox 1312 739 1515 777; x_wconf 85' lang='lat' dir='ltr'>Anastase</span> <span class='ocrx_word' id='word_1_40' title='bbox 1531 753 1542 787; x_wconf 83' lang='lat'>3</span> <span class='ocrx_word' id='word_1_41' title='bbox 1571 739 1677 777; x_wconf 90' lang='lat' dir='ltr'>simi-</span> 
     </span>
     <span class='ocr_line' id='line_1_7' title="bbox 192 801 1672 853; baseline 0 -12"><span class='ocrx_word' id='word_1_42' title='bbox 192 805 286 841; x_wconf 86' lang='lat' dir='ltr'>liter</span> <span class='ocrx_word' id='word_1_43' title='bbox 305 808 347 841; x_wconf 88' lang='lat' dir='ltr'>et</span> <span class='ocrx_word' id='word_1_44' title='bbox 361 803 412 841; x_wconf 85' lang='lat' dir='ltr'>ad</span> <span class='ocrx_word' id='word_1_45' title='bbox 432 804 558 841; x_wconf 81' lang='lat' dir='ltr'>tertia</span> <span class='ocrx_word' id='word_1_46' title='bbox 578 807 619 841; x_wconf 87' lang='lat' dir='ltr'>et</span> <span class='ocrx_word' id='word_1_47' title='bbox 634 804 685 841; x_wconf 89' lang='lat' dir='ltr'>ad</span> <span class='ocrx_word' id='word_1_48' title='bbox 705 807 822 841; x_wconf 81' lang='lat' dir='ltr'>sexta</span> <span class='ocrx_word' id='word_1_49' title='bbox 841 808 1019 853; x_wconf 83' lang='lat' dir='ltr'>aguntur</span> <span class='ocrx_word' id='word_1_50' title='bbox 1035 816 1082 840; x_wconf 89' lang='lat' dir='ltr'>ea</span> <span class='ocrx_word' id='word_1_51' title='bbox 1097 815 1199 853; x_wconf 87' lang='lat' dir='ltr'>quae</span> <span class='ocrx_word' id='word_1_52' title='bbox 1218 803 1317 840; x_wconf 86' lang='lat' dir='ltr'>totis</span> <span class='ocrx_word' id='word_1_53' title='bbox 1334 801 1672 852; x_wconf 80' lang='lat' dir='ltr'>Quadragesimis.</span> 
     </span>
     <span class='ocr_line' id='line_1_8' title="bbox 191 864 1673 916; baseline -0.001 -12"><span class='ocrx_word' id='word_1_54' title='bbox 191 866 261 904; x_wconf 83' lang='lat' dir='ltr'>Ad</span> <span class='ocrx_word' id='word_1_55' title='bbox 281 879 388 904; x_wconf 83' lang='lat' dir='ltr'>nona</span> <span class='ocrx_word' id='word_1_56' title='bbox 416 870 552 903; x_wconf 90' lang='lat' dir='ltr'>autem</span> <span class='ocrx_word' id='word_1_57' title='bbox 581 879 717 903; x_wconf 91' lang='lat' dir='ltr'>omnes</span> <span class='ocrx_word' id='word_1_58' title='bbox 745 866 789 903; x_wconf 90' lang='lat' dir='ltr'>in</span> <span class='ocrx_word' id='word_1_59' title='bbox 817 866 982 903; x_wconf 85' lang='lat' dir='ltr'>ecclesia</span> <span class='ocrx_word' id='word_1_60' title='bbox 1009 866 1173 916; x_wconf 81' lang='lat' dir='ltr'>majore,</span> <span class='ocrx_word' id='word_1_61' title='bbox 1196 864 1239 902; x_wconf 91' lang='lat' dir='ltr'>id</span> <span class='ocrx_word' id='word_1_62' title='bbox 1258 868 1320 902; x_wconf 89' lang='lat' dir='ltr'>est</span> <span class='ocrx_word' id='word_1_63' title='bbox 1340 864 1392 902; x_wconf 88' lang='lat' dir='ltr'>ad</span> <span class='ocrx_word' id='word_1_64' title='bbox 1412 864 1673 915; x_wconf 84' lang='lat' dir='ltr'>Martyrium,</span> 
     </span>
     <span class='ocr_line' id='line_1_9' title="bbox 192 928 1675 979; baseline -0.001 -13"><span class='ocrx_word' id='word_1_65' title='bbox 192 929 381 979; x_wconf 86' lang='lat' dir='ltr'>colligent</span> <span class='ocrx_word' id='word_1_66' title='bbox 400 941 451 975; x_wconf 88' lang='lat' dir='ltr'>se,</span> <span class='ocrx_word' id='word_1_67' title='bbox 475 933 516 966; x_wconf 88' lang='lat' dir='ltr'>et</span> <span class='ocrx_word' id='word_1_68' title='bbox 535 929 593 966; x_wconf 90' lang='lat' dir='ltr'>ibi</span> <span class='ocrx_word' id='word_1_69' title='bbox 622 942 749 979; x_wconf 87' lang='lat' dir='ltr'>usque</span> <span class='ocrx_word' id='word_1_70' title='bbox 769 928 820 966; x_wconf 89' lang='lat' dir='ltr'>ad</span> <span class='ocrx_word' id='word_1_71' title='bbox 849 928 990 965; x_wconf 84' lang='lat' dir='ltr'>horam</span> <span class='ocrx_word' id='word_1_72' title='bbox 1019 929 1189 978; x_wconf 81' lang='lat' dir='ltr'><strong>primam</strong></span> <span class='ocrx_word' id='word_1_73' title='bbox 1218 928 1349 965; x_wconf 84' lang='lat' dir='ltr'>noctis</span> <span class='ocrx_word' id='word_1_74' title='bbox 1378 941 1532 978; x_wconf 82' lang='lat' dir='ltr'>semper</span> <span class='ocrx_word' id='word_1_75' title='bbox 1563 928 1675 978; x_wconf 85' lang='lat' dir='ltr'><strong>ymni</strong></span> 
     </span>
     <span class='ocr_line' id='line_1_10' title="bbox 191 990 1675 1041; baseline 0 -12"><span class='ocrx_word' id='word_1_76' title='bbox 191 996 234 1029; x_wconf 88' lang='lat' dir='ltr'>et</span> <span class='ocrx_word' id='word_1_77' title='bbox 271 991 517 1041; x_wconf 71' lang='lat' dir='ltr'>antiphonae</span> <span class='ocrx_word' id='word_1_78' title='bbox 564 992 768 1038; x_wconf 86' lang='lat' dir='ltr'>dicuntur,</span> <span class='ocrx_word' id='word_1_79' title='bbox 809 992 1004 1029; x_wconf 87' lang='lat' dir='ltr'>lectiones</span> <span class='ocrx_word' id='word_1_80' title='bbox 1052 992 1176 1029; x_wconf 89' lang='lat' dir='ltr'>etiam</span> <span class='ocrx_word' id='word_1_81' title='bbox 1223 996 1344 1041; x_wconf 84' lang='lat' dir='ltr'>aptae</span> <span class='ocrx_word' id='word_1_82' title='bbox 1391 990 1473 1028; x_wconf 86' lang='lat' dir='ltr'>diei</span> <span class='ocrx_word' id='word_1_83' title='bbox 1510 995 1553 1030; x_wconf 90' lang='lat' dir='ltr'>et</span> <span class='ocrx_word' id='word_1_84' title='bbox 1589 991 1675 1029; x_wconf 91' lang='lat' dir='ltr'>loco</span> 
     </span>
     <span class='ocr_line' id='line_1_11' title="bbox 191 1053 1675 1104; baseline -0.001 -13"><span class='ocrx_word' id='word_1_85' title='bbox 191 1054 391 1103; x_wconf 84' lang='lat' dir='ltr'>leguntur,</span> <span class='ocrx_word' id='word_1_86' title='bbox 432 1054 697 1104; x_wconf 67' lang='lat' dir='ltr'>interpositae</span> <span class='ocrx_word' id='word_1_87' title='bbox 736 1066 891 1103; x_wconf 79' lang='lat' dir='ltr'>semper</span> <span class='ocrx_word' id='word_1_88' title='bbox 930 1053 1143 1091; x_wconf 88' lang='lat' dir='ltr'>orationes.</span> <span class='ocrx_word' id='word_1_89' title='bbox 1221 1053 1514 1091; x_wconf 86' lang='lat' dir='ltr'>Lucernarium</span> <span class='ocrx_word' id='word_1_90' title='bbox 1551 1054 1675 1091; x_wconf 80' lang='lat' dir='ltr'>etiam</span> 
     </span>
     <span class='ocr_line' id='line_1_12' title="bbox 189 1119 1671 1169; baseline 0.001 -13"><span class='ocrx_word' id='word_1_91' title='bbox 189 1121 326 1168; x_wconf 81' lang='lat' dir='ltr'>agitur</span> <span class='ocrx_word' id='word_1_92' title='bbox 346 1120 415 1164; x_wconf 88' lang='lat' dir='ltr'>ibi,</span> <span class='ocrx_word' id='word_1_93' title='bbox 430 1133 520 1157; x_wconf 89' lang='lat' dir='ltr'>cum</span> <span class='ocrx_word' id='word_1_94' title='bbox 541 1120 716 1169; x_wconf 83' lang='lat' dir='ltr'>coeperit</span> <span class='ocrx_word' id='word_1_95' title='bbox 736 1120 835 1157; x_wconf 79' lang='lat' dir='ltr'>hora</span> <span class='ocrx_word' id='word_1_96' title='bbox 854 1132 939 1156; x_wconf 87' lang='lat' dir='ltr'>esse</span> <span class='ocrx_word' id='word_1_97' title='bbox 958 1134 964 1156; x_wconf 92' lang='lat'>:</span> <span class='ocrx_word' id='word_1_98' title='bbox 986 1119 1042 1156; x_wconf 88' lang='lat' dir='ltr'>sic</span> <span class='ocrx_word' id='word_1_99' title='bbox 1058 1124 1120 1156; x_wconf 84' lang='lat' dir='ltr'>est</span> <span class='ocrx_word' id='word_1_100' title='bbox 1141 1132 1234 1168; x_wconf 83' lang='lat' dir='ltr'>ergo</span> <span class='ocrx_word' id='word_1_101' title='bbox 1254 1123 1302 1156; x_wconf 85' lang='lat' dir='ltr'>ut</span> <span class='ocrx_word' id='word_1_102' title='bbox 1322 1123 1441 1157; x_wconf 89' lang='lat' dir='ltr'>nocte</span> <span class='ocrx_word' id='word_1_103' title='bbox 1460 1120 1584 1158; x_wconf 85' lang='lat' dir='ltr'>etiam</span> <span class='ocrx_word' id='word_1_104' title='bbox 1596 1121 1671 1157; x_wconf 88' lang='lat' dir='ltr'>fiat</span> 
     </span>
     <span class='ocr_line' id='line_1_13' title="bbox 189 1180 1670 1231; baseline 0.001 -13"><span class='ocrx_word' id='word_1_105' title='bbox 189 1182 310 1219; x_wconf 89' lang='lat' dir='ltr'>missa</span> <span class='ocrx_word' id='word_1_106' title='bbox 328 1181 380 1218; x_wconf 83' lang='lat' dir='ltr'>ad</span> <span class='ocrx_word' id='word_1_107' title='bbox 409 1181 669 1231; x_wconf 70' lang='lat' dir='ltr'>Martyrium.</span> <span class='ocrx_word' id='word_1_108' title='bbox 728 1181 815 1219; x_wconf 89' lang='lat' dir='ltr'>Ubi</span> <span class='ocrx_word' id='word_1_109' title='bbox 844 1194 935 1219; x_wconf 89' lang='lat' dir='ltr'>cum</span> <span class='ocrx_word' id='word_1_110' title='bbox 963 1181 1117 1218; x_wconf 77' lang='lat' dir='ltr'>factum</span> <span class='ocrx_word' id='word_1_111' title='bbox 1146 1180 1273 1218; x_wconf 81' lang='lat' dir='ltr'>fuerit</span> <span class='ocrx_word' id='word_1_112' title='bbox 1302 1182 1433 1228; x_wconf 84' lang='lat' dir='ltr'>missa,</span> <span class='ocrx_word' id='word_1_113' title='bbox 1457 1182 1551 1220; x_wconf 86' lang='lat' dir='ltr'>inde</span> <span class='ocrx_word' id='word_1_114' title='bbox 1580 1195 1670 1220; x_wconf 88' lang='lat' dir='ltr'>cum</span> 
     </span>
     <span class='ocr_line' id='line_1_14' title="bbox 188 1241 1672 1294; baseline -0.001 -14"><span class='ocrx_word' id='word_1_115' title='bbox 188 1244 320 1294; x_wconf 82' lang='lat' dir='ltr'>ymnis</span> <span class='ocrx_word' id='word_1_116' title='bbox 346 1242 398 1280; x_wconf 86' lang='lat' dir='ltr'>ad</span> <span class='ocrx_word' id='word_1_117' title='bbox 428 1243 631 1279; x_wconf 86' lang='lat' dir='ltr'>Anastase</span> <span class='ocrx_word' id='word_1_118' title='bbox 657 1241 820 1279; x_wconf 87' lang='lat' dir='ltr'>ducitur</span> <span class='ocrx_word' id='word_1_119' title='bbox 844 1242 1060 1291; x_wconf 68' lang='lat' dir='ltr'>episcopus</span> <span class='ocrx_word' id='word_1_120' title='bbox 1122 1241 1175 1277; x_wconf 83' lang='lat' dir='ltr'>ln</span> <span class='ocrx_word' id='word_1_121' title='bbox 1195 1253 1273 1290; x_wconf 91' lang='lat' dir='ltr'>quo</span> <span class='ocrx_word' id='word_1_122' title='bbox 1298 1246 1436 1278; x_wconf 87' lang='lat' dir='ltr'>autem</span> <span class='ocrx_word' id='word_1_123' title='bbox 1466 1242 1672 1290; x_wconf 87' lang='lat' dir='ltr'>ingressus</span> 
     </span>
     <span class='ocr_line' id='line_1_15' title="bbox 186 1303 1665 1353; baseline -0.003 -9"><span class='ocrx_word' id='word_1_124' title='bbox 186 1307 312 1344; x_wconf 81' lang='lat' dir='ltr'>fuerit</span> <span class='ocrx_word' id='word_1_125' title='bbox 342 1306 386 1343; x_wconf 89' lang='lat' dir='ltr'>in</span> <span class='ocrx_word' id='word_1_126' title='bbox 414 1306 624 1351; x_wconf 79' lang='lat' dir='ltr'>Anastase,</span> <span class='ocrx_word' id='word_1_127' title='bbox 648 1305 797 1342; x_wconf 84' lang='lat' dir='ltr'>dicitur</span> <span class='ocrx_word' id='word_1_128' title='bbox 825 1317 930 1341; x_wconf 91' lang='lat' dir='ltr'>unus</span> <span class='ocrx_word' id='word_1_129' title='bbox 958 1317 1114 1353; x_wconf 77' lang='lat' dir='ltr'>yanS,</span> <span class='ocrx_word' id='word_1_130' title='bbox 1138 1303 1186 1340; x_wconf 88' lang='lat' dir='ltr'>fit</span> <span class='ocrx_word' id='word_1_131' title='bbox 1205 1303 1347 1350; x_wconf 88' lang='lat' dir='ltr'>oratio,</span> <span class='ocrx_word' id='word_1_132' title='bbox 1368 1303 1665 1342; x_wconf 88' lang='lat' dir='ltr'>benedicuntur</span> 
     </span>
    </p>
   </div>
   <div class='ocr_carea' id='block_1_5' title="bbox 189 1367 1044 1415">
    <p class='ocr_par' dir='ltr' id='par_1_5' title="bbox 189 1367 1044 1415">
     <span class='ocr_line' id='line_1_16' title="bbox 189 1367 1044 1415; baseline -0.005 -7"><span class='ocrx_word' id='word_1_133' title='bbox 189 1370 469 1415; x_wconf 72' lang='lat' dir='ltr'>cathecumini,</span> <span class='ocrx_word' id='word_1_134' title='bbox 493 1369 591 1406; x_wconf 83' lang='lat' dir='ltr'>item</span> <span class='ocrx_word' id='word_1_135' title='bbox 612 1367 763 1414; x_wconf 90' lang='lat' dir='ltr'>fideles,</span> <span class='ocrx_word' id='word_1_136' title='bbox 783 1373 825 1406; x_wconf 86' lang='lat' dir='ltr'>et</span> <span class='ocrx_word' id='word_1_137' title='bbox 845 1369 893 1405; x_wconf 88' lang='lat' dir='ltr'>fit</span> <span class='ocrx_word' id='word_1_138' title='bbox 913 1368 1044 1405; x_wconf 83' lang='lat' dir='ltr'>missa.</span> 
     </span>
    </p>
   </div>
   <div class='ocr_carea' id='block_1_6' title="bbox 621 1578 1224 1629">
    <p class='ocr_par' dir='ltr' id='par_1_6' title="bbox 621 1578 1224 1629">
     <span class='ocr_line' id='line_1_17' title="bbox 621 1578 1224 1629; baseline 0 -11"><span class='ocrx_word' id='word_1_139' title='bbox 621 1581 657 1620; x_wconf 88' lang='lat'>4.</span> <span class='ocrx_word' id='word_1_140' title='bbox 693 1580 869 1629; x_wconf 76' lang='lat' dir='ltr'>Tuesday</span> <span class='ocrx_word' id='word_1_141' title='bbox 896 1579 939 1616; x_wconf 76' lang='lat' dir='ltr'>in</span> <span class='ocrx_word' id='word_1_142' title='bbox 968 1578 1071 1628; x_wconf 75' lang='lat' dir='ltr'>Holy</span> <span class='ocrx_word' id='word_1_143' title='bbox 1096 1578 1224 1618; x_wconf 79' lang='lat' dir='ltr'>Week.</span> 
     </span>
    </p>
   </div>
   <div class='ocr_carea' id='block_1_7' title="bbox 186 1690 1669 2494">
    <p class='ocr_par' dir='ltr' id='par_1_7' title="bbox 186 1690 1669 2494">
     <span class='ocr_line' id='line_1_18' title="bbox 269 1690 1667 1734; baseline -0.002 0"><span class='ocrx_word' id='word_1_144' title='bbox 269 1696 376 1734; x_wconf 86' lang='lat' dir='ltr'>Item</span> <span class='ocrx_word' id='word_1_145' title='bbox 404 1694 529 1732; x_wconf 83' lang='lat' dir='ltr'>tertia</span> <span class='ocrx_word' id='word_1_146' title='bbox 556 1693 658 1731; x_wconf 79' lang='lat' dir='ltr'>feria</span> <span class='ocrx_word' id='word_1_147' title='bbox 689 1692 875 1729; x_wconf 85' lang='lat' dir='ltr'>similiter</span> <span class='ocrx_word' id='word_1_148' title='bbox 905 1691 1040 1729; x_wconf 81' lang='lat' dir='ltr'>omnia</span> <span class='ocrx_word' id='word_1_149' title='bbox 1070 1691 1176 1728; x_wconf 88' lang='lat' dir='ltr'>fiunt</span> <span class='ocrx_word' id='word_1_150' title='bbox 1208 1690 1315 1728; x_wconf 88' lang='lat' dir='ltr'>sicut</span> <span class='ocrx_word' id='word_1_151' title='bbox 1344 1691 1521 1729; x_wconf 88' lang='lat' dir='ltr'>secunda</span> <span class='ocrx_word' id='word_1_152' title='bbox 1550 1692 1667 1732; x_wconf 79' lang='lat' dir='ltr'>feria.</span> 
     </span>
     <span class='ocr_line' id='line_1_19' title="bbox 187 1753 1669 1805; baseline -0.003 -7"><span class='ocrx_word' id='word_1_153' title='bbox 187 1760 299 1798; x_wconf 88' lang='lat' dir='ltr'>Illud</span> <span class='ocrx_word' id='word_1_154' title='bbox 319 1760 445 1797; x_wconf 84' lang='lat' dir='ltr'>solum</span> <span class='ocrx_word' id='word_1_155' title='bbox 474 1757 639 1795; x_wconf 87' lang='lat' dir='ltr'>additur</span> <span class='ocrx_word' id='word_1_156' title='bbox 667 1755 792 1793; x_wconf 87' lang='lat' dir='ltr'>tertia</span> <span class='ocrx_word' id='word_1_157' title='bbox 821 1754 935 1801; x_wconf 83' lang='lat' dir='ltr'>feria,</span> <span class='ocrx_word' id='word_1_158' title='bbox 965 1753 1071 1804; x_wconf 92' lang='lat' dir='ltr'>quod</span> <span class='ocrx_word' id='word_1_159' title='bbox 1102 1758 1219 1792; x_wconf 87' lang='lat' dir='ltr'>nocte</span> <span class='ocrx_word' id='word_1_160' title='bbox 1247 1767 1346 1801; x_wconf 86' lang='lat' dir='ltr'>sera,</span> <span class='ocrx_word' id='word_1_161' title='bbox 1379 1758 1521 1804; x_wconf 85' lang='lat' dir='ltr'>postea</span> <span class='ocrx_word' id='word_1_162' title='bbox 1549 1768 1669 1805; x_wconf 84' lang='lat' dir='ltr'>quam</span> 
     </span>
     <span class='ocr_line' id='line_1_20' title="bbox 186 1816 1668 1867; baseline -0.003 -7"><span class='ocrx_word' id='word_1_163' title='bbox 186 1823 307 1859; x_wconf 88' lang='lat' dir='ltr'>missa</span> <span class='ocrx_word' id='word_1_164' title='bbox 325 1822 437 1859; x_wconf 79' lang='lat' dir='ltr'>facta</span> <span class='ocrx_word' id='word_1_165' title='bbox 461 1820 587 1858; x_wconf 79' lang='lat' dir='ltr'>fuerit</span> <span class='ocrx_word' id='word_1_166' title='bbox 607 1818 659 1856; x_wconf 91' lang='lat' dir='ltr'>ad</span> <span class='ocrx_word' id='word_1_167' title='bbox 680 1818 940 1867; x_wconf 85' lang='lat' dir='ltr'>Martyrium,</span> <span class='ocrx_word' id='word_1_168' title='bbox 961 1821 1003 1854; x_wconf 91' lang='lat' dir='ltr'>et</span> <span class='ocrx_word' id='word_1_169' title='bbox 1031 1817 1135 1854; x_wconf 87' lang='lat' dir='ltr'>itum</span> <span class='ocrx_word' id='word_1_170' title='bbox 1163 1817 1288 1854; x_wconf 76' lang='lat' dir='ltr'>fuerit</span> <span class='ocrx_word' id='word_1_171' title='bbox 1317 1816 1369 1854; x_wconf 88' lang='lat' dir='ltr'>ad</span> <span class='ocrx_word' id='word_1_172' title='bbox 1390 1816 1603 1865; x_wconf 84' lang='lat' dir='ltr'>Anastase,</span> <span class='ocrx_word' id='word_1_173' title='bbox 1625 1823 1668 1856; x_wconf 86' lang='lat' dir='ltr'>et</span> 
     </span>
     <span class='ocr_line' id='line_1_21' title="bbox 187 1879 1667 1926; baseline -0.003 -3"><span class='ocrx_word' id='word_1_174' title='bbox 187 1885 318 1923; x_wconf 88' lang='lat' dir='ltr'>denuo</span> <span class='ocrx_word' id='word_1_175' title='bbox 348 1885 391 1921; x_wconf 90' lang='lat' dir='ltr'>in</span> <span class='ocrx_word' id='word_1_176' title='bbox 419 1885 623 1920; x_wconf 81' lang='lat' dir='ltr'>Anastase</span> <span class='ocrx_word' id='word_1_177' title='bbox 659 1882 781 1917; x_wconf 85' lang='lat' dir='ltr'>missa</span> <span class='ocrx_word' id='word_1_178' title='bbox 817 1879 928 1916; x_wconf 80' lang='lat' dir='ltr'>facta</span> <span class='ocrx_word' id='word_1_179' title='bbox 965 1879 1100 1926; x_wconf 82' lang='lat' dir='ltr'>fuerit,</span> <span class='ocrx_word' id='word_1_180' title='bbox 1135 1892 1272 1918; x_wconf 89' lang='lat' dir='ltr'>omnes</span> <span class='ocrx_word' id='word_1_181' title='bbox 1309 1880 1381 1917; x_wconf 90' lang='lat' dir='ltr'>illa</span> <span class='ocrx_word' id='word_1_182' title='bbox 1413 1880 1513 1918; x_wconf 89' lang='lat' dir='ltr'>hora</span> <span class='ocrx_word' id='word_1_183' title='bbox 1543 1885 1667 1919; x_wconf 88' lang='lat' dir='ltr'>noctu</span> 
     </span>
     <span class='ocr_line' id='line_1_22' title="bbox 186 1942 1668 1993; baseline -0.003 -7"><span class='ocrx_word' id='word_1_184' title='bbox 186 1948 338 1985; x_wconf 86' lang='lat' dir='ltr'>vadent</span> <span class='ocrx_word' id='word_1_185' title='bbox 366 1947 410 1984; x_wconf 92' lang='lat' dir='ltr'>in</span> <span class='ocrx_word' id='word_1_186' title='bbox 428 1945 595 1983; x_wconf 85' lang='lat' dir='ltr'>ecclesia</span> <span class='ocrx_word' id='word_1_187' title='bbox 625 1956 727 1993; x_wconf 88' lang='lat' dir='ltr'>quae</span> <span class='ocrx_word' id='word_1_188' title='bbox 757 1946 818 1979; x_wconf 87' lang='lat' dir='ltr'>est</span> <span class='ocrx_word' id='word_1_189' title='bbox 848 1942 893 1979; x_wconf 86' lang='lat' dir='ltr'>in</span> <span class='ocrx_word' id='word_1_190' title='bbox 920 1946 1058 1979; x_wconf 87' lang='lat' dir='ltr'>monte</span> <span class='ocrx_word' id='word_1_191' title='bbox 1089 1942 1252 1981; x_wconf 86' lang='lat' dir='ltr'>Eleona.</span> <span class='ocrx_word' id='word_1_192' title='bbox 1313 1942 1366 1980; x_wconf 90' lang='lat' dir='ltr'>In</span> <span class='ocrx_word' id='word_1_193' title='bbox 1391 1956 1471 1993; x_wconf 84' lang='lat' dir='ltr'>qua</span> <span class='ocrx_word' id='word_1_194' title='bbox 1500 1944 1668 1982; x_wconf 84' lang='lat' dir='ltr'>ecclesia</span> 
     </span>
     <span class='ocr_line' id='line_1_23' title="bbox 189 2005 1668 2055; baseline -0.002 -11"><span class='ocrx_word' id='word_1_195' title='bbox 189 2021 279 2044; x_wconf 87' lang='lat' dir='ltr'>cum</span> <span class='ocrx_word' id='word_1_196' title='bbox 316 2012 484 2044; x_wconf 83' lang='lat' dir='ltr'>ventum</span> <span class='ocrx_word' id='word_1_197' title='bbox 521 2006 658 2051; x_wconf 81' lang='lat' dir='ltr'>fuerit,</span> <span class='ocrx_word' id='word_1_198' title='bbox 699 2006 831 2042; x_wconf 84' lang='lat' dir='ltr'>intrat</span> <span class='ocrx_word' id='word_1_199' title='bbox 868 2005 1076 2054; x_wconf 85' lang='lat' dir='ltr'>episcopus</span> <span class='ocrx_word' id='word_1_200' title='bbox 1114 2005 1226 2042; x_wconf 88' lang='lat' dir='ltr'>intra</span> <span class='ocrx_word' id='word_1_201' title='bbox 1267 2005 1456 2055; x_wconf 82' lang='lat' dir='ltr'>spelunca</span> <span class='ocrx_word' id='word_1_202' title='bbox 1500 2005 1544 2042; x_wconf 88' lang='lat' dir='ltr'>in</span> <span class='ocrx_word' id='word_1_203' title='bbox 1587 2017 1668 2054; x_wconf 82' lang='lat' dir='ltr'>qua</span> 
     </span>
     <span class='ocr_line' id='line_1_24' title="bbox 188 2066 1667 2119; baseline -0.003 -12"><span class='ocrx_word' id='word_1_204' title='bbox 188 2071 377 2119; x_wconf 85' lang='lat' dir='ltr'>spelunca</span> <span class='ocrx_word' id='word_1_205' title='bbox 410 2070 565 2107; x_wconf 85' lang='lat' dir='ltr'>solebat</span> <span class='ocrx_word' id='word_1_206' title='bbox 596 2069 795 2105; x_wconf 85' lang='lat' dir='ltr'>Dominus</span> <span class='ocrx_word' id='word_1_207' title='bbox 825 2066 966 2105; x_wconf 86' lang='lat' dir='ltr'>docere</span> <span class='ocrx_word' id='word_1_208' title='bbox 996 2068 1222 2117; x_wconf 88' lang='lat' dir='ltr'>discipulos,</span> <span class='ocrx_word' id='word_1_209' title='bbox 1246 2072 1289 2105; x_wconf 90' lang='lat' dir='ltr'>et</span> <span class='ocrx_word' id='word_1_210' title='bbox 1317 2069 1464 2118; x_wconf 88' lang='lat' dir='ltr'>accipit</span> <span class='ocrx_word' id='word_1_211' title='bbox 1493 2067 1667 2106; x_wconf 83' lang='lat' dir='ltr'>codicem</span> 
     </span>
     <span class='ocr_line' id='line_1_25' title="bbox 188 2130 1668 2182; baseline -0.003 -13"><span class='ocrx_word' id='word_1_212' title='bbox 188 2133 395 2182; x_wconf 82' lang='lat' dir='ltr'>evangelii,</span> <span class='ocrx_word' id='word_1_213' title='bbox 419 2136 460 2169; x_wconf 85' lang='lat' dir='ltr'>et</span> <span class='ocrx_word' id='word_1_214' title='bbox 480 2135 594 2169; x_wconf 82' lang='lat' dir='ltr'>stans</span> <span class='ocrx_word' id='word_1_215' title='bbox 613 2131 698 2180; x_wconf 91' lang='lat' dir='ltr'>ipse</span> <span class='ocrx_word' id='word_1_216' title='bbox 717 2131 926 2179; x_wconf 86' lang='lat' dir='ltr'>episcopus</span> <span class='ocrx_word' id='word_1_217' title='bbox 945 2130 1052 2180; x_wconf 86' lang='lat' dir='ltr'>leget</span> <span class='ocrx_word' id='word_1_218' title='bbox 1072 2131 1196 2168; x_wconf 87' lang='lat' dir='ltr'>verba</span> <span class='ocrx_word' id='word_1_219' title='bbox 1212 2131 1378 2168; x_wconf 87' lang='lat' dir='ltr'>Domini</span> <span class='ocrx_word' id='word_1_220' title='bbox 1398 2143 1502 2181; x_wconf 88' lang='lat' dir='ltr'>quae</span> <span class='ocrx_word' id='word_1_221' title='bbox 1518 2131 1668 2179; x_wconf 85' lang='lat' dir='ltr'>scripta</span> 
     </span>
     <span class='ocr_line' id='line_1_26' title="bbox 189 2192 1666 2243; baseline -0.002 -11"><span class='ocrx_word' id='word_1_222' title='bbox 189 2199 285 2232; x_wconf 85' lang='lat' dir='ltr'>sunt</span> <span class='ocrx_word' id='word_1_223' title='bbox 314 2196 359 2232; x_wconf 89' lang='lat' dir='ltr'>in</span> <span class='ocrx_word' id='word_1_224' title='bbox 389 2194 596 2243; x_wconf 79' lang='lat' dir='ltr'>evangelio</span> <span class='ocrx_word' id='word_1_225' title='bbox 627 2194 671 2230; x_wconf 91' lang='lat' dir='ltr'>in</span> <span class='ocrx_word' id='word_1_226' title='bbox 700 2197 791 2230; x_wconf 86' lang='lat' dir='ltr'>cata</span> <span class='ocrx_word' id='word_1_227' title='bbox 821 2192 1002 2239; x_wconf 85' lang='lat' dir='ltr'>Matheo,</span> <span class='ocrx_word' id='word_1_228' title='bbox 1029 2192 1072 2230; x_wconf 88' lang='lat' dir='ltr'>id</span> <span class='ocrx_word' id='word_1_229' title='bbox 1101 2197 1163 2230; x_wconf 84' lang='lat' dir='ltr'>est</span> <span class='ocrx_word' id='word_1_230' title='bbox 1191 2193 1263 2230; x_wconf 89' lang='lat' dir='ltr'>ubi</span> <span class='ocrx_word' id='word_1_231' title='bbox 1292 2193 1414 2230; x_wconf 85' lang='lat' dir='ltr'>dicit:</span> <span class='ocrx_word' id='word_1_232' title='bbox 1453 2192 1588 2231; x_wconf 77' lang='lat' dir='ltr'>Videte</span> <span class='ocrx_word' id='word_1_233' title='bbox 1620 2205 1666 2229; x_wconf 76' lang='lat' dir='ltr'>‘ne</span> 
     </span>
     <span class='ocr_line' id='line_1_27' title="bbox 188 2255 1668 2307; baseline -0.001 -13"><span class='ocrx_word' id='word_1_234' title='bbox 188 2257 271 2307; x_wconf 79' lang='lat' dir='ltr'>quis</span> <span class='ocrx_word' id='word_1_235' title='bbox 289 2271 350 2295; x_wconf 80' lang='lat' dir='ltr'>vos</span> <span class='ocrx_word' id='word_1_236' title='bbox 368 2257 533 2295; x_wconf 75' lang='lat' dir='ltr'>seducat.</span> <span class='ocrx_word' id='word_1_237' title='bbox 592 2256 648 2293; x_wconf 87' lang='lat' dir='ltr'>Et</span> <span class='ocrx_word' id='word_1_238' title='bbox 671 2268 829 2293; x_wconf 88' lang='lat' dir='ltr'>omnem</span> <span class='ocrx_word' id='word_1_239' title='bbox 848 2255 974 2304; x_wconf 86' lang='lat' dir='ltr'>ipsam</span> <span class='ocrx_word' id='word_1_240' title='bbox 1003 2255 1286 2292; x_wconf 82' lang='lat' dir='ltr'>allocutionem</span> <span class='ocrx_word' id='word_1_241' title='bbox 1314 2256 1495 2305; x_wconf 85' lang='lat' dir='ltr'>perleget</span> <span class='ocrx_word' id='word_1_242' title='bbox 1522 2256 1668 2305; x_wconf 84' lang='lat' dir='ltr'>episco-</span> 
     </span>
     <span class='ocr_line' id='line_1_28' title="bbox 187 2317 1667 2369; baseline -0.002 -12"><span class='ocrx_word' id='word_1_243' title='bbox 187 2333 271 2369; x_wconf 79' lang='lat' dir='ltr'>puS.</span> <span class='ocrx_word' id='word_1_244' title='bbox 329 2320 392 2357; x_wconf 90' lang='lat' dir='ltr'>At</span> <span class='ocrx_word' id='word_1_245' title='bbox 429 2321 498 2357; x_wconf 88' lang='lat' dir='ltr'>ubi</span> <span class='ocrx_word' id='word_1_246' title='bbox 536 2324 673 2356; x_wconf 85' lang='lat' dir='ltr'>autem</span> <span class='ocrx_word' id='word_1_247' title='bbox 717 2319 786 2355; x_wconf 86' lang='lat' dir='ltr'>illa</span> <span class='ocrx_word' id='word_1_248' title='bbox 829 2318 1056 2367; x_wconf 83' lang='lat' dir='ltr'>perlegerit,</span> <span class='ocrx_word' id='word_1_249' title='bbox 1098 2317 1147 2354; x_wconf 89' lang='lat' dir='ltr'>fit</span> <span class='ocrx_word' id='word_1_250' title='bbox 1187 2318 1330 2364; x_wconf 85' lang='lat' dir='ltr'>oratio,</span> <span class='ocrx_word' id='word_1_251' title='bbox 1369 2317 1667 2355; x_wconf 80' lang='lat' dir='ltr'>benedicuntur</span> 
     </span>
     <span class='ocr_line' id='line_1_29' title="bbox 188 2379 1666 2428; baseline -0.001 -9"><span class='ocrx_word' id='word_1_252' title='bbox 188 2382 468 2428; x_wconf 86' lang='lat' dir='ltr'>cathecumini,</span> <span class='ocrx_word' id='word_1_253' title='bbox 492 2383 591 2419; x_wconf 87' lang='lat' dir='ltr'>item</span> <span class='ocrx_word' id='word_1_254' title='bbox 620 2386 662 2418; x_wconf 88' lang='lat' dir='ltr'>et</span> <span class='ocrx_word' id='word_1_255' title='bbox 690 2381 838 2426; x_wconf 86' lang='lat' dir='ltr'>fideles,</span> <span class='ocrx_word' id='word_1_256' title='bbox 861 2379 911 2416; x_wconf 88' lang='lat' dir='ltr'>fit</span> <span class='ocrx_word' id='word_1_257' title='bbox 940 2381 1071 2425; x_wconf 85' lang='lat' dir='ltr'>missa,</span> <span class='ocrx_word' id='word_1_258' title='bbox 1106 2383 1147 2416; x_wconf 88' lang='lat' dir='ltr'>et</span> <span class='ocrx_word' id='word_1_259' title='bbox 1180 2383 1445 2417; x_wconf 85' lang='lat' dir='ltr'>revertuntur</span> <span class='ocrx_word' id='word_1_260' title='bbox 1475 2393 1500 2416; x_wconf 86' lang='lat' dir='ltr'>a</span> <span class='ocrx_word' id='word_1_261' title='bbox 1529 2383 1666 2417; x_wconf 81' lang='lat' dir='ltr'>monte</span> 
     </span>
     <span class='ocr_line' id='line_1_30' title="bbox 188 2441 1323 2494; baseline -0.003 -13"><span class='ocrx_word' id='word_1_262' title='bbox 188 2445 464 2494; x_wconf 86' lang='lat' dir='ltr'>unusquisque</span> <span class='ocrx_word' id='word_1_263' title='bbox 483 2444 534 2481; x_wconf 90' lang='lat' dir='ltr'>ad</span> <span class='ocrx_word' id='word_1_264' title='bbox 554 2444 715 2482; x_wconf 89' lang='lat' dir='ltr'>domum</span> <span class='ocrx_word' id='word_1_265' title='bbox 734 2455 848 2480; x_wconf 81' lang='lat' dir='ltr'>suam</span> <span class='ocrx_word' id='word_1_266' title='bbox 869 2443 968 2479; x_wconf 81' lang='lat' dir='ltr'>satis</span> <span class='ocrx_word' id='word_1_267' title='bbox 987 2455 1075 2479; x_wconf 87' lang='lat' dir='ltr'>sera</span> <span class='ocrx_word' id='word_1_268' title='bbox 1090 2441 1175 2491; x_wconf 87' lang='lat' dir='ltr'>jam</span> <span class='ocrx_word' id='word_1_269' title='bbox 1195 2445 1323 2480; x_wconf 85' lang='lat' dir='ltr'>nocte.</span> 
     </span>
    </p>
   </div>
  </div>
 </body>
</html>
